{"updated_at":"2026-05-12T00:36:50.237022+00:00","pairs":[{"pair":"BTC","config":{"pair":"BTC","lower":71853.21328125,"upper":81336.60703125,"n_levels":12,"capital_usd":1000.0,"fee_rate":0.001},"levels":[71853.2133,72667.585,73491.1866,74324.1228,75166.4993,76018.4232,76880.0026,77751.347,78632.5671,79523.7748,80425.0833,81336.607],"fills":[{"timestamp":"2026-04-13T00:00:00+00:00","side":"buy","price":71853.21328125,"qty":0.0012652056429717598,"level_idx":0,"pnl_usd":0.0},{"timestamp":"2026-04-13T00:00:00+00:00","side":"buy","price":72667.58496041733,"qty":0.001251026726133941,"level_idx":1,"pnl_usd":0.0},{"timestamp":"2026-04-13T00:00:00+00:00","side":"buy","price":73491.18658493494,"qty":0.0012370067096960779,"level_idx":2,"pnl_usd":0.0},{"timestamp":"2026-04-13T00:00:00+00:00","side":"buy","price":74324.12276537978,"qty":0.0012231438128918813,"level_idx":3,"pnl_usd":0.0},{"timestamp":"2026-04-13T00:00:00+00:00","side":"buy","price":75166.4992979666,"qty":0.0012094362749117701,"level_idx":4,"pnl_usd":0.0},{"timestamp":"2026-04-13T00:00:00+00:00","side":"buy","price":76018.42317798587,"qty":0.001195882354679217,"level_idx":5,"pnl_usd":0.0},{"timestamp":"2026-04-13T00:00:00+00:00","side":"buy","price":76880.00261339384,"qty":0.0011824803306296058,"level_idx":6,"pnl_usd":0.0},{"timestamp":"2026-04-13T00:00:00+00:00","side":"buy","price":77751.34703855672,"qty":0.0011692285004915644,"level_idx":7,"pnl_usd":0.0},{"timestamp":"2026-04-13T00:00:00+00:00","side":"buy","price":78632.56712815058,"qty":0.001156125181070749,"level_idx":8,"pnl_usd":0.0},{"timestamp":"2026-04-13T00:00:00+00:00","side":"buy","price":79523.7748112188,"qty":0.0011431687080360516,"level_idx":9,"pnl_usd":0.0},{"timestamp":"2026-04-13T00:00:00+00:00","side":"buy","price":80425.08328538881,"qty":0.0011303574357082048,"level_idx":10,"pnl_usd":0.0},{"timestamp":"2026-04-13T19:00:00+00:00","side":"sell","price":72667.58496041733,"qty":0.0012652056429717598,"level_idx":1,"pnl_usd":0.9384082054058266},{"timestamp":"2026-04-13T22:00:00+00:00","side":"sell","price":74324.12276537978,"qty":0.0012370067096960779,"level_idx":3,"pnl_usd":0.9384082054058408},{"timestamp":"2026-04-13T22:00:00+00:00","side":"sell","price":73491.18658493494,"qty":0.001251026726133941,"level_idx":2,"pnl_usd":0.9384082054058124},{"timestamp":"2026-04-14T13:00:00+00:00","side":"sell","price":75166.4992979666,"qty":0.0012231438128918813,"level_idx":4,"pnl_usd":0.9384082054058266},{"timestamp":"2026-04-14T18:00:00+00:00","side":"buy","price":74324.12276537978,"qty":0.0012231438128918813,"level_idx":3,"pnl_usd":0.0},{"timestamp":"2026-04-15T19:00:00+00:00","side":"sell","price":75166.4992979666,"qty":0.0012231438128918813,"level_idx":4,"pnl_usd":0.9384082054058266},{"timestamp":"2026-04-16T10:00:00+00:00","side":"buy","price":74324.12276537978,"qty":0.0012231438128918813,"level_idx":3,"pnl_usd":0.0},{"timestamp":"2026-04-16T13:00:00+00:00","side":"buy","price":73491.18658493494,"qty":0.0012370067096960779,"level_idx":2,"pnl_usd":0.0},{"timestamp":"2026-04-16T13:00:00+00:00","side":"sell","price":74324.12276537978,"qty":0.0012370067096960779,"level_idx":3,"pnl_usd":0.9384082054058408},{"timestamp":"2026-04-16T14:00:00+00:00","side":"buy","price":73491.18658493494,"qty":0.0012370067096960779,"level_idx":2,"pnl_usd":0.0},{"timestamp":"2026-04-16T15:00:00+00:00","side":"sell","price":74324.12276537978,"qty":0.0012370067096960779,"level_idx":3,"pnl_usd":0.9384082054058408},{"timestamp":"2026-04-16T19:00:00+00:00","side":"sell","price":75166.4992979666,"qty":0.0012231438128918813,"level_idx":4,"pnl_usd":0.9384082054058266},{"timestamp":"2026-04-17T09:00:00+00:00","side":"sell","price":76018.42317798587,"qty":0.0012094362749117701,"level_idx":5,"pnl_usd":0.9384082054058408},{"timestamp":"2026-04-17T10:00:00+00:00","side":"buy","price":75166.4992979666,"qty":0.0012094362749117701,"level_idx":4,"pnl_usd":0.0},{"timestamp":"2026-04-17T12:00:00+00:00","side":"sell","price":76018.42317798587,"qty":0.0012094362749117701,"level_idx":5,"pnl_usd":0.9384082054058408},{"timestamp":"2026-04-17T13:00:00+00:00","side":"sell","price":76880.00261339384,"qty":0.001195882354679217,"level_idx":6,"pnl_usd":0.9384082054058266},{"timestamp":"2026-04-17T14:00:00+00:00","side":"sell","price":77751.34703855672,"qty":0.0011824803306296058,"level_idx":7,"pnl_usd":0.9384082054058124},{"timestamp":"2026-04-18T08:00:00+00:00","side":"buy","price":76880.00261339384,"qty":0.0011824803306296058,"level_idx":6,"pnl_usd":0.0},{"timestamp":"2026-04-18T11:00:00+00:00","side":"buy","price":76018.42317798587,"qty":0.001195882354679217,"level_idx":5,"pnl_usd":0.0},{"timestamp":"2026-04-19T07:00:00+00:00","side":"buy","price":75166.4992979666,"qty":0.0012094362749117701,"level_idx":4,"pnl_usd":0.0},{"timestamp":"2026-04-19T13:00:00+00:00","side":"sell","price":76018.42317798587,"qty":0.0012094362749117701,"level_idx":5,"pnl_usd":0.9384082054058408},{"timestamp":"2026-04-19T17:00:00+00:00","side":"buy","price":75166.4992979666,"qty":0.0012094362749117701,"level_idx":4,"pnl_usd":0.0},{"timestamp":"2026-04-19T22:00:00+00:00","side":"buy","price":74324.12276537978,"qty":0.0012231438128918813,"level_idx":3,"pnl_usd":0.0},{"timestamp":"2026-04-20T07:00:00+00:00","side":"sell","price":75166.4992979666,"qty":0.0012231438128918813,"level_idx":4,"pnl_usd":0.9384082054058266},{"timestamp":"2026-04-20T18:00:00+00:00","side":"sell","price":76018.42317798587,"qty":0.0012094362749117701,"level_idx":5,"pnl_usd":0.9384082054058408},{"timestamp":"2026-04-21T10:00:00+00:00","side":"sell","price":76880.00261339384,"qty":0.001195882354679217,"level_idx":6,"pnl_usd":0.9384082054058266},{"timestamp":"2026-04-21T12:00:00+00:00","side":"buy","price":76018.42317798587,"qty":0.001195882354679217,"level_idx":5,"pnl_usd":0.0},{"timestamp":"2026-04-21T17:00:00+00:00","side":"buy","price":75166.4992979666,"qty":0.0012094362749117701,"level_idx":4,"pnl_usd":0.0},{"timestamp":"2026-04-21T23:00:00+00:00","side":"sell","price":76018.42317798587,"qty":0.0012094362749117701,"level_idx":5,"pnl_usd":0.9384082054058408},{"timestamp":"2026-04-22T02:00:00+00:00","side":"sell","price":76880.00261339384,"qty":0.001195882354679217,"level_idx":6,"pnl_usd":0.9384082054058266},{"timestamp":"2026-04-22T05:00:00+00:00","side":"sell","price":77751.34703855672,"qty":0.0011824803306296058,"level_idx":7,"pnl_usd":0.9384082054058124},{"timestamp":"2026-04-22T13:00:00+00:00","side":"sell","price":78632.56712815058,"qty":0.0011692285004915644,"level_idx":8,"pnl_usd":0.9384082054058266},{"timestamp":"2026-04-23T00:00:00+00:00","side":"buy","price":77751.34703855672,"qty":0.0011692285004915644,"level_idx":7,"pnl_usd":0.0},{"timestamp":"2026-04-23T15:00:00+00:00","side":"sell","price":78632.56712815058,"qty":0.0011692285004915644,"level_idx":8,"pnl_usd":0.9384082054058266},{"timestamp":"2026-04-23T17:00:00+00:00","side":"buy","price":77751.34703855672,"qty":0.0011692285004915644,"level_idx":7,"pnl_usd":0.0},{"timestamp":"2026-04-26T21:00:00+00:00","side":"sell","price":78632.56712815058,"qty":0.0011692285004915644,"level_idx":8,"pnl_usd":0.9384082054058266},{"timestamp":"2026-04-27T05:00:00+00:00","side":"buy","price":77751.34703855672,"qty":0.0011692285004915644,"level_idx":7,"pnl_usd":0.0},{"timestamp":"2026-04-27T05:00:00+00:00","side":"sell","price":78632.56712815058,"qty":0.0011692285004915644,"level_idx":8,"pnl_usd":0.9384082054058266},{"timestamp":"2026-04-27T06:00:00+00:00","side":"buy","price":77751.34703855672,"qty":0.0011692285004915644,"level_idx":7,"pnl_usd":0.0},{"timestamp":"2026-04-27T15:00:00+00:00","side":"buy","price":76880.00261339384,"qty":0.0011824803306296058,"level_idx":6,"pnl_usd":0.0},{"timestamp":"2026-04-27T15:00:00+00:00","side":"sell","price":77751.34703855672,"qty":0.0011824803306296058,"level_idx":7,"pnl_usd":0.9384082054058124},{"timestamp":"2026-04-27T16:00:00+00:00","side":"buy","price":76880.00261339384,"qty":0.0011824803306296058,"level_idx":6,"pnl_usd":0.0},{"timestamp":"2026-04-28T13:00:00+00:00","side":"buy","price":76018.42317798587,"qty":0.001195882354679217,"level_idx":5,"pnl_usd":0.0},{"timestamp":"2026-04-29T03:00:00+00:00","side":"sell","price":76880.00261339384,"qty":0.001195882354679217,"level_idx":6,"pnl_usd":0.9384082054058266},{"timestamp":"2026-04-29T09:00:00+00:00","side":"sell","price":77751.34703855672,"qty":0.0011824803306296058,"level_idx":7,"pnl_usd":0.9384082054058124},{"timestamp":"2026-04-29T13:00:00+00:00","side":"buy","price":76880.00261339384,"qty":0.0011824803306296058,"level_idx":6,"pnl_usd":0.0},{"timestamp":"2026-04-29T15:00:00+00:00","side":"buy","price":76018.42317798587,"qty":0.001195882354679217,"level_idx":5,"pnl_usd":0.0},{"timestamp":"2026-04-29T18:00:00+00:00","side":"buy","price":75166.4992979666,"qty":0.0012094362749117701,"level_idx":4,"pnl_usd":0.0},{"timestamp":"2026-04-29T18:00:00+00:00","side":"sell","price":76018.42317798587,"qty":0.0012094362749117701,"level_idx":5,"pnl_usd":0.9384082054058408},{"timestamp":"2026-05-01T03:00:00+00:00","side":"sell","price":76880.00261339384,"qty":0.001195882354679217,"level_idx":6,"pnl_usd":0.9384082054058266},{"timestamp":"2026-05-01T12:00:00+00:00","side":"sell","price":77751.34703855672,"qty":0.0011824803306296058,"level_idx":7,"pnl_usd":0.9384082054058124},{"timestamp":"2026-05-01T13:00:00+00:00","side":"sell","price":78632.56712815058,"qty":0.0011692285004915644,"level_idx":8,"pnl_usd":0.9384082054058266},{"timestamp":"2026-05-01T20:00:00+00:00","side":"buy","price":77751.34703855672,"qty":0.0011692285004915644,"level_idx":7,"pnl_usd":0.0},{"timestamp":"2026-05-02T21:00:00+00:00","side":"sell","price":78632.56712815058,"qty":0.0011692285004915644,"level_idx":8,"pnl_usd":0.9384082054058266},{"timestamp":"2026-05-04T01:00:00+00:00","side":"sell","price":79523.7748112188,"qty":0.001156125181070749,"level_idx":9,"pnl_usd":0.9384082054058408},{"timestamp":"2026-05-04T04:00:00+00:00","side":"sell","price":80425.08328538881,"qty":0.0011431687080360516,"level_idx":10,"pnl_usd":0.9384082054058408},{"timestamp":"2026-05-04T06:00:00+00:00","side":"buy","price":79523.7748112188,"qty":0.0011431687080360516,"level_idx":9,"pnl_usd":0.0},{"timestamp":"2026-05-04T10:00:00+00:00","side":"buy","price":78632.56712815058,"qty":0.001156125181070749,"level_idx":8,"pnl_usd":0.0},{"timestamp":"2026-05-04T10:00:00+00:00","side":"sell","price":79523.7748112188,"qty":0.001156125181070749,"level_idx":9,"pnl_usd":0.9384082054058408},{"timestamp":"2026-05-04T13:00:00+00:00","side":"buy","price":78632.56712815058,"qty":0.001156125181070749,"level_idx":8,"pnl_usd":0.0},{"timestamp":"2026-05-04T14:00:00+00:00","side":"sell","price":80425.08328538881,"qty":0.0011431687080360516,"level_idx":10,"pnl_usd":0.9384082054058408},{"timestamp":"2026-05-04T14:00:00+00:00","side":"sell","price":79523.7748112188,"qty":0.001156125181070749,"level_idx":9,"pnl_usd":0.9384082054058408},{"timestamp":"2026-05-04T15:00:00+00:00","side":"buy","price":79523.7748112188,"qty":0.0011431687080360516,"level_idx":9,"pnl_usd":0.0},{"timestamp":"2026-05-04T17:00:00+00:00","side":"sell","price":80425.08328538881,"qty":0.0011431687080360516,"level_idx":10,"pnl_usd":0.9384082054058408},{"timestamp":"2026-05-05T13:00:00+00:00","side":"sell","price":81336.60703125007,"qty":0.0011303574357082048,"level_idx":11,"pnl_usd":0.9384082054058124},{"timestamp":"2026-05-07T13:00:00+00:00","side":"buy","price":80425.08328538881,"qty":0.0011303574357082048,"level_idx":10,"pnl_usd":0.0},{"timestamp":"2026-05-07T17:00:00+00:00","side":"buy","price":79523.7748112188,"qty":0.0011431687080360516,"level_idx":9,"pnl_usd":0.0},{"timestamp":"2026-05-08T12:00:00+00:00","side":"sell","price":80425.08328538881,"qty":0.0011431687080360516,"level_idx":10,"pnl_usd":0.9384082054058408},{"timestamp":"2026-05-10T15:00:00+00:00","side":"sell","price":81336.60703125007,"qty":0.0011303574357082048,"level_idx":11,"pnl_usd":0.9384082054058124},{"timestamp":"2026-05-10T20:00:00+00:00","side":"buy","price":80425.08328538881,"qty":0.0011303574357082048,"level_idx":10,"pnl_usd":0.0},{"timestamp":"2026-05-10T20:00:00+00:00","side":"sell","price":81336.60703125007,"qty":0.0011303574357082048,"level_idx":11,"pnl_usd":0.9384082054058124}],"round_trips":41,"total_pnl_usd":38.47,"total_fees_usd":7.5,"realized_return_pct":0.0385,"unrealized_pnl_usd":0,"unrealized_holdings":0.0,"avg_holding_price":0.0,"final_price":81519.11,"max_drawdown_pct":-0.0698,"open_buy_levels":[0,1,2,3,4,5,6,7,8,9,10],"equity_curve":[{"timestamp":"2026-04-13T00:00:00+00:00","equity":936.68},{"timestamp":"2026-04-13T01:00:00+00:00","equity":937.49},{"timestamp":"2026-04-13T02:00:00+00:00","equity":935.64},{"timestamp":"2026-04-13T03:00:00+00:00","equity":934.44},{"timestamp":"2026-04-13T04:00:00+00:00","equity":933.69},{"timestamp":"2026-04-13T05:00:00+00:00","equity":932.7},{"timestamp":"2026-04-13T06:00:00+00:00","equity":935.43},{"timestamp":"2026-04-13T07:00:00+00:00","equity":932.36},{"timestamp":"2026-04-13T08:00:00+00:00","equity":930.2},{"timestamp":"2026-04-13T09:00:00+00:00","equity":931.8},{"timestamp":"2026-04-13T10:00:00+00:00","equity":931.23},{"timestamp":"2026-04-13T11:00:00+00:00","equity":933.88},{"timestamp":"2026-04-13T12:00:00+00:00","equity":935.93},{"timestamp":"2026-04-13T13:00:00+00:00","equity":942.59},{"timestamp":"2026-04-13T14:00:00+00:00","equity":953.27},{"timestamp":"2026-04-13T15:00:00+00:00","equity":945.61},{"timestamp":"2026-04-13T16:00:00+00:00","equity":950.44},{"timestamp":"2026-04-13T17:00:00+00:00","equity":949.76},{"timestamp":"2026-04-13T18:00:00+00:00","equity":953.77},{"timestamp":"2026-04-13T19:00:00+00:00","equity":964.84},{"timestamp":"2026-04-13T20:00:00+00:00","equity":962.82},{"timestamp":"2026-04-13T21:00:00+00:00","equity":963.12},{"timestamp":"2026-04-13T22:00:00+00:00","equity":977.9},{"timestamp":"2026-04-13T23:00:00+00:00","equity":976.88},{"timestamp":"2026-04-14T00:00:00+00:00","equity":973.39},{"timestamp":"2026-04-14T01:00:00+00:00","equity":975.44},{"timestamp":"2026-04-14T02:00:00+00:00","equity":975.39},{"timestamp":"2026-04-14T03:00:00+00:00","equity":976.15},{"timestamp":"2026-04-14T04:00:00+00:00","equity":975.61},{"timestamp":"2026-04-14T05:00:00+00:00","equity":973.84},{"timestamp":"2026-04-14T06:00:00+00:00","equity":977.19},{"timestamp":"2026-04-14T07:00:00+00:00","equity":977.02},{"timestamp":"2026-04-14T08:00:00+00:00","equity":979.17},{"timestamp":"2026-04-14T09:00:00+00:00","equity":976.93},{"timestamp":"2026-04-14T10:00:00+00:00","equity":975.85},{"timestamp":"2026-04-14T11:00:00+00:00","equity":976.16},{"timestamp":"2026-04-14T12:00:00+00:00","equity":976.18},{"timestamp":"2026-04-14T13:00:00+00:00","equity":985.41},{"timestamp":"2026-04-14T14:00:00+00:00","equity":982.87},{"timestamp":"2026-04-14T15:00:00+00:00","equity":984.4},{"timestamp":"2026-04-14T16:00:00+00:00","equity":977.84},{"timestamp":"2026-04-14T17:00:00+00:00","equity":979.48},{"timestamp":"2026-04-14T18:00:00+00:00","equity":973.72},{"timestamp":"2026-04-14T19:00:00+00:00","equity":975.31},{"timestamp":"2026-04-14T20:00:00+00:00","equity":973.3},{"timestamp":"2026-04-14T21:00:00+00:00","equity":975.77},{"timestamp":"2026-04-14T22:00:00+00:00","equity":973.44},{"timestamp":"2026-04-14T23:00:00+00:00","equity":974.56},{"timestamp":"2026-04-15T00:00:00+00:00","equity":978.47},{"timestamp":"2026-04-15T01:00:00+00:00","equity":978.91},{"timestamp":"2026-04-15T02:00:00+00:00","equity":976.19},{"timestamp":"2026-04-15T03:00:00+00:00","equity":976.35},{"timestamp":"2026-04-15T04:00:00+00:00","equity":976.14},{"timestamp":"2026-04-15T05:00:00+00:00","equity":973.32},{"timestamp":"2026-04-15T06:00:00+00:00","equity":972.09},{"timestamp":"2026-04-15T07:00:00+00:00","equity":970.66},{"timestamp":"2026-04-15T08:00:00+00:00","equity":974.12},{"timestamp":"2026-04-15T09:00:00+00:00","equity":973.12},{"timestamp":"2026-04-15T10:00:00+00:00","equity":971.78},{"timestamp":"2026-04-15T11:00:00+00:00","equity":975.0},{"timestamp":"2026-04-15T12:00:00+00:00","equity":975.73},{"timestamp":"2026-04-15T13:00:00+00:00","equity":973.52},{"timestamp":"2026-04-15T14:00:00+00:00","equity":974.22},{"timestamp":"2026-04-15T15:00:00+00:00","equity":971.6},{"timestamp":"2026-04-15T16:00:00+00:00","equity":972.4},{"timestamp":"2026-04-15T17:00:00+00:00","equity":974.27},{"timestamp":"2026-04-15T18:00:00+00:00","equity":976.67},{"timestamp":"2026-04-15T19:00:00+00:00","equity":982.54},{"timestamp":"2026-04-15T20:00:00+00:00","equity":981.28},{"timestamp":"2026-04-15T21:00:00+00:00","equity":980.41},{"timestamp":"2026-04-15T22:00:00+00:00","equity":982.2},{"timestamp":"2026-04-15T23:00:00+00:00","equity":980.9},{"timestamp":"2026-04-16T00:00:00+00:00","equity":980.97},{"timestamp":"2026-04-16T01:00:00+00:00","equity":979.72},{"timestamp":"2026-04-16T02:00:00+00:00","equity":981.48},{"timestamp":"2026-04-16T03:00:00+00:00","equity":981.55},{"timestamp":"2026-04-16T04:00:00+00:00","equity":982.04},{"timestamp":"2026-04-16T05:00:00+00:00","equity":982.8},{"timestamp":"2026-04-16T06:00:00+00:00","equity":982.75},{"timestamp":"2026-04-16T07:00:00+00:00","equity":980.05},{"timestamp":"2026-04-16T08:00:00+00:00","equity":979.85},{"timestamp":"2026-04-16T09:00:00+00:00","equity":979.16},{"timestamp":"2026-04-16T10:00:00+00:00","equity":976.79},{"timestamp":"2026-04-16T11:00:00+00:00","equity":979.33},{"timestamp":"2026-04-16T12:00:00+00:00","equity":979.7},{"timestamp":"2026-04-16T13:00:00+00:00","equity":972.75},{"timestamp":"2026-04-16T14:00:00+00:00","equity":975.03},{"timestamp":"2026-04-16T15:00:00+00:00","equity":982.4},{"timestamp":"2026-04-16T16:00:00+00:00","equity":977.37},{"timestamp":"2026-04-16T17:00:00+00:00","equity":978.88},{"timestamp":"2026-04-16T18:00:00+00:00","equity":985.55},{"timestamp":"2026-04-16T19:00:00+00:00","equity":988.19},{"timestamp":"2026-04-16T20:00:00+00:00","equity":987.16},{"timestamp":"2026-04-16T21:00:00+00:00","equity":984.79},{"timestamp":"2026-04-16T22:00:00+00:00","equity":984.23},{"timestamp":"2026-04-16T23:00:00+00:00","equity":986.48},{"timestamp":"2026-04-17T00:00:00+00:00","equity":984.78},{"timestamp":"2026-04-17T01:00:00+00:00","equity":983.21},{"timestamp":"2026-04-17T02:00:00+00:00","equity":982.94},{"timestamp":"2026-04-17T03:00:00+00:00","equity":982.14},{"timestamp":"2026-04-17T04:00:00+00:00","equity":983.59},{"timestamp":"2026-04-17T05:00:00+00:00","equity":982.33},{"timestamp":"2026-04-17T06:00:00+00:00","equity":984.5},{"timestamp":"2026-04-17T07:00:00+00:00","equity":985.72},{"timestamp":"2026-04-17T08:00:00+00:00","equity":991.61},{"timestamp":"2026-04-17T09:00:00+00:00","equity":991.95},{"timestamp":"2026-04-17T10:00:00+00:00","equity":988.55},{"timestamp":"2026-04-17T11:00:00+00:00","equity":991.18},{"timestamp":"2026-04-17T12:00:00+00:00","equity":996.26},{"timestamp":"2026-04-17T13:00:00+00:00","equity":1003.18},{"timestamp":"2026-04-17T14:00:00+00:00","equity":1006.23},{"timestamp":"2026-04-17T15:00:00+00:00","equity":1005.62},{"timestamp":"2026-04-17T16:00:00+00:00","equity":1005.91},{"timestamp":"2026-04-17T17:00:00+00:00","equity":1004.33},{"timestamp":"2026-04-17T18:00:00+00:00","equity":1002.69},{"timestamp":"2026-04-17T19:00:00+00:00","equity":1004.12},{"timestamp":"2026-04-17T20:00:00+00:00","equity":1003.43},{"timestamp":"2026-04-17T21:00:00+00:00","equity":1003.92},{"timestamp":"2026-04-17T22:00:00+00:00","equity":1003.3},{"timestamp":"2026-04-17T23:00:00+00:00","equity":1002.19},{"timestamp":"2026-04-18T00:00:00+00:00","equity":1002.64},{"timestamp":"2026-04-18T01:00:00+00:00","equity":1002.9},{"timestamp":"2026-04-18T02:00:00+00:00","equity":1003.23},{"timestamp":"2026-04-18T03:00:00+00:00","equity":1001.92},{"timestamp":"2026-04-18T04:00:00+00:00","equity":1002.42},{"timestamp":"2026-04-18T05:00:00+00:00","equity":1002.51},{"timestamp":"2026-04-18T06:00:00+00:00","equity":1002.47},{"timestamp":"2026-04-18T07:00:00+00:00","equity":1001.83},{"timestamp":"2026-04-18T08:00:00+00:00","equity":1000.49},{"timestamp":"2026-04-18T09:00:00+00:00","equity":999.75},{"timestamp":"2026-04-18T10:00:00+00:00","equity":997.39},{"timestamp":"2026-04-18T11:00:00+00:00","equity":996.56},{"timestamp":"2026-04-18T12:00:00+00:00","equity":997.75},{"timestamp":"2026-04-18T13:00:00+00:00","equity":997.11},{"timestamp":"2026-04-18T14:00:00+00:00","equity":998.03},{"timestamp":"2026-04-18T15:00:00+00:00","equity":997.41},{"timestamp":"2026-04-18T16:00:00+00:00","equity":995.85},{"timestamp":"2026-04-18T17:00:00+00:00","equity":995.05},{"timestamp":"2026-04-18T18:00:00+00:00","equity":993.79},{"timestamp":"2026-04-18T19:00:00+00:00","equity":993.84},{"timestamp":"2026-04-18T20:00:00+00:00","equity":994.58},{"timestamp":"2026-04-18T21:00:00+00:00","equity":995.06},{"timestamp":"2026-04-18T22:00:00+00:00","equity":995.01},{"timestamp":"2026-04-18T23:00:00+00:00","equity":994.2},{"timestamp":"2026-04-19T00:00:00+00:00","equity":994.02},{"timestamp":"2026-04-19T01:00:00+00:00","equity":993.65},{"timestamp":"2026-04-19T02:00:00+00:00","equity":992.75},{"timestamp":"2026-04-19T03:00:00+00:00","equity":992.93},{"timestamp":"2026-04-19T04:00:00+00:00","equity":993.98},{"timestamp":"2026-04-19T05:00:00+00:00","equity":993.15},{"timestamp":"2026-04-19T06:00:00+00:00","equity":992.1},{"timestamp":"2026-04-19T07:00:00+00:00","equity":991.28},{"timestamp":"2026-04-19T08:00:00+00:00","equity":991.3},{"timestamp":"2026-04-19T09:00:00+00:00","equity":989.35},{"timestamp":"2026-04-19T10:00:00+00:00","equity":990.91},{"timestamp":"2026-04-19T11:00:00+00:00","equity":994.12},{"timestamp":"2026-04-19T12:00:00+00:00","equity":993.91},{"timestamp":"2026-04-19T13:00:00+00:00","equity":996.76},{"timestamp":"2026-04-19T14:00:00+00:00","equity":997.47},{"timestamp":"2026-04-19T15:00:00+00:00","equity":996.22},{"timestamp":"2026-04-19T16:00:00+00:00","equity":992.94},{"timestamp":"2026-04-19T17:00:00+00:00","equity":988.37},{"timestamp":"2026-04-19T18:00:00+00:00","equity":988.25},{"timestamp":"2026-04-19T19:00:00+00:00","equity":989.71},{"timestamp":"2026-04-19T20:00:00+00:00","equity":987.07},{"timestamp":"2026-04-19T21:00:00+00:00","equity":985.43},{"timestamp":"2026-04-19T22:00:00+00:00","equity":981.94},{"timestamp":"2026-04-19T23:00:00+00:00","equity":979.51},{"timestamp":"2026-04-20T00:00:00+00:00","equity":984.13},{"timestamp":"2026-04-20T01:00:00+00:00","equity":987.1},{"timestamp":"2026-04-20T02:00:00+00:00","equity":985.39},{"timestamp":"2026-04-20T03:00:00+00:00","equity":987.52},{"timestamp":"2026-04-20T04:00:00+00:00","equity":986.84},{"timestamp":"2026-04-20T05:00:00+00:00","equity":984.06},{"timestamp":"2026-04-20T06:00:00+00:00","equity":988.97},{"timestamp":"2026-04-20T07:00:00+00:00","equity":989.63},{"timestamp":"2026-04-20T08:00:00+00:00","equity":988.79},{"timestamp":"2026-04-20T09:00:00+00:00","equity":991.6},{"timestamp":"2026-04-20T10:00:00+00:00","equity":991.34},{"timestamp":"2026-04-20T11:00:00+00:00","equity":992.68},{"timestamp":"2026-04-20T12:00:00+00:00","equity":993.42},{"timestamp":"2026-04-20T13:00:00+00:00","equity":993.37},{"timestamp":"2026-04-20T14:00:00+00:00","equity":991.36},{"timestamp":"2026-04-20T15:00:00+00:00","equity":996.91},{"timestamp":"2026-04-20T16:00:00+00:00","equity":993.88},{"timestamp":"2026-04-20T17:00:00+00:00","equity":998.45},{"timestamp":"2026-04-20T18:00:00+00:00","equity":1002.07},{"timestamp":"2026-04-20T19:00:00+00:00","equity":1001.2},{"timestamp":"2026-04-20T20:00:00+00:00","equity":1001.11},{"timestamp":"2026-04-20T21:00:00+00:00","equity":998.81},{"timestamp":"2026-04-20T22:00:00+00:00","equity":998.92},{"timestamp":"2026-04-20T23:00:00+00:00","equity":998.02},{"timestamp":"2026-04-21T00:00:00+00:00","equity":999.79},{"timestamp":"2026-04-21T01:00:00+00:00","equity":998.58},{"timestamp":"2026-04-21T02:00:00+00:00","equity":996.2},{"timestamp":"2026-04-21T03:00:00+00:00","equity":997.08},{"timestamp":"2026-04-21T04:00:00+00:00","equity":997.78},{"timestamp":"2026-04-21T05:00:00+00:00","equity":997.75},{"timestamp":"2026-04-21T06:00:00+00:00","equity":998.9},{"timestamp":"2026-04-21T07:00:00+00:00","equity":999.72},{"timestamp":"2026-04-21T08:00:00+00:00","equity":1002.7},{"timestamp":"2026-04-21T09:00:00+00:00","equity":1001.6},{"timestamp":"2026-04-21T10:00:00+00:00","equity":1004.33},{"timestamp":"2026-04-21T11:00:00+00:00","equity":1002.62},{"timestamp":"2026-04-21T12:00:00+00:00","equity":1000.14},{"timestamp":"2026-04-21T13:00:00+00:00","equity":999.29},{"timestamp":"2026-04-21T14:00:00+00:00","equity":997.65},{"timestamp":"2026-04-21T15:00:00+00:00","equity":998.78},{"timestamp":"2026-04-21T16:00:00+00:00","equity":998.4},{"timestamp":"2026-04-21T17:00:00+00:00","equity":997.3},{"timestamp":"2026-04-21T18:00:00+00:00","equity":997.75},{"timestamp":"2026-04-21T19:00:00+00:00","equity":992.82},{"timestamp":"2026-04-21T20:00:00+00:00","equity":998.74},{"timestamp":"2026-04-21T21:00:00+00:00","equity":997.28},{"timestamp":"2026-04-21T22:00:00+00:00","equity":998.07},{"timestamp":"2026-04-21T23:00:00+00:00","equity":1003.25},{"timestamp":"2026-04-22T00:00:00+00:00","equity":1003.12},{"timestamp":"2026-04-22T01:00:00+00:00","equity":1002.98},{"timestamp":"2026-04-22T02:00:00+00:00","equity":1011.13},{"timestamp":"2026-04-22T03:00:00+00:00","equity":1010.64},{"timestamp":"2026-04-22T04:00:00+00:00","equity":1010.61},{"timestamp":"2026-04-22T05:00:00+00:00","equity":1012.87},{"timestamp":"2026-04-22T06:00:00+00:00","equity":1013.02},{"timestamp":"2026-04-22T07:00:00+00:00","equity":1012.94},{"timestamp":"2026-04-22T08:00:00+00:00","equity":1013.04},{"timestamp":"2026-04-22T09:00:00+00:00","equity":1013.07},{"timestamp":"2026-04-22T10:00:00+00:00","equity":1013.76},{"timestamp":"2026-04-22T11:00:00+00:00","equity":1014.39},{"timestamp":"2026-04-22T12:00:00+00:00","equity":1014.12},{"timestamp":"2026-04-22T13:00:00+00:00","equity":1016.6},{"timestamp":"2026-04-22T14:00:00+00:00","equity":1017.25},{"timestamp":"2026-04-22T15:00:00+00:00","equity":1018.1},{"timestamp":"2026-04-22T16:00:00+00:00","equity":1016.22},{"timestamp":"2026-04-22T17:00:00+00:00","equity":1016.72},{"timestamp":"2026-04-22T18:00:00+00:00","equity":1017.2},{"timestamp":"2026-04-22T19:00:00+00:00","equity":1016.61},{"timestamp":"2026-04-22T20:00:00+00:00","equity":1015.13},{"timestamp":"2026-04-22T21:00:00+00:00","equity":1016.28},{"timestamp":"2026-04-22T22:00:00+00:00","equity":1015.76},{"timestamp":"2026-04-22T23:00:00+00:00","equity":1014.27},{"timestamp":"2026-04-23T00:00:00+00:00","equity":1015.91},{"timestamp":"2026-04-23T01:00:00+00:00","equity":1015.61},{"timestamp":"2026-04-23T02:00:00+00:00","equity":1013.69},{"timestamp":"2026-04-23T03:00:00+00:00","equity":1012.82},{"timestamp":"2026-04-23T04:00:00+00:00","equity":1013.55},{"timestamp":"2026-04-23T05:00:00+00:00","equity":1013.97},{"timestamp":"2026-04-23T06:00:00+00:00","equity":1014.95},{"timestamp":"2026-04-23T07:00:00+00:00","equity":1014.24},{"timestamp":"2026-04-23T08:00:00+00:00","equity":1013.28},{"timestamp":"2026-04-23T09:00:00+00:00","equity":1012.35},{"timestamp":"2026-04-23T10:00:00+00:00","equity":1011.2},{"timestamp":"2026-04-23T11:00:00+00:00","equity":1012.57},{"timestamp":"2026-04-23T12:00:00+00:00","equity":1013.4},{"timestamp":"2026-04-23T13:00:00+00:00","equity":1011.81},{"timestamp":"2026-04-23T14:00:00+00:00","equity":1014.84},{"timestamp":"2026-04-23T15:00:00+00:00","equity":1015.91},{"timestamp":"2026-04-23T16:00:00+00:00","equity":1014.93},{"timestamp":"2026-04-23T17:00:00+00:00","equity":1013.85},{"timestamp":"2026-04-23T18:00:00+00:00","equity":1013.58},{"timestamp":"2026-04-23T19:00:00+00:00","equity":1013.6},{"timestamp":"2026-04-23T20:00:00+00:00","equity":1014.35},{"timestamp":"2026-04-23T21:00:00+00:00","equity":1014.33},{"timestamp":"2026-04-23T22:00:00+00:00","equity":1015.99},{"timestamp":"2026-04-23T23:00:00+00:00","equity":1016.08},{"timestamp":"2026-04-24T00:00:00+00:00","equity":1016.8},{"timestamp":"2026-04-24T01:00:00+00:00","equity":1016.92},{"timestamp":"2026-04-24T02:00:00+00:00","equity":1015.49},{"timestamp":"2026-04-24T03:00:00+00:00","equity":1013.66},{"timestamp":"2026-04-24T04:00:00+00:00","equity":1013.32},{"timestamp":"2026-04-24T05:00:00+00:00","equity":1014.66},{"timestamp":"2026-04-24T06:00:00+00:00","equity":1013.92},{"timestamp":"2026-04-24T07:00:00+00:00","equity":1013.3},{"timestamp":"2026-04-24T08:00:00+00:00","equity":1013.9},{"timestamp":"2026-04-24T09:00:00+00:00","equity":1012.72},{"timestamp":"2026-04-24T10:00:00+00:00","equity":1013.69},{"timestamp":"2026-04-24T11:00:00+00:00","equity":1015.96},{"timestamp":"2026-04-24T12:00:00+00:00","equity":1016.12},{"timestamp":"2026-04-24T13:00:00+00:00","equity":1015.28},{"timestamp":"2026-04-24T14:00:00+00:00","equity":1015.12},{"timestamp":"2026-04-24T15:00:00+00:00","equity":1015.1},{"timestamp":"2026-04-24T16:00:00+00:00","equity":1013.88},{"timestamp":"2026-04-24T17:00:00+00:00","equity":1013.44},{"timestamp":"2026-04-24T18:00:00+00:00","equity":1013.12},{"timestamp":"2026-04-24T19:00:00+00:00","equity":1013.22},{"timestamp":"2026-04-24T20:00:00+00:00","equity":1013.63},{"timestamp":"2026-04-24T21:00:00+00:00","equity":1012.78},{"timestamp":"2026-04-24T22:00:00+00:00","equity":1011.84},{"timestamp":"2026-04-24T23:00:00+00:00","equity":1012.31},{"timestamp":"2026-04-25T00:00:00+00:00","equity":1012.41},{"timestamp":"2026-04-25T01:00:00+00:00","equity":1012.76},{"timestamp":"2026-04-25T02:00:00+00:00","equity":1013.12},{"timestamp":"2026-04-25T03:00:00+00:00","equity":1013.28},{"timestamp":"2026-04-25T04:00:00+00:00","equity":1013.13},{"timestamp":"2026-04-25T05:00:00+00:00","equity":1012.68},{"timestamp":"2026-04-25T06:00:00+00:00","equity":1012.6},{"timestamp":"2026-04-25T07:00:00+00:00","equity":1012.63},{"timestamp":"2026-04-25T08:00:00+00:00","equity":1013.28},{"timestamp":"2026-04-25T09:00:00+00:00","equity":1013.58},{"timestamp":"2026-04-25T10:00:00+00:00","equity":1013.91},{"timestamp":"2026-04-25T11:00:00+00:00","equity":1013.39},{"timestamp":"2026-04-25T12:00:00+00:00","equity":1012.83},{"timestamp":"2026-04-25T13:00:00+00:00","equity":1013.41},{"timestamp":"2026-04-25T14:00:00+00:00","equity":1013.31},{"timestamp":"2026-04-25T15:00:00+00:00","equity":1011.81},{"timestamp":"2026-04-25T16:00:00+00:00","equity":1012.15},{"timestamp":"2026-04-25T17:00:00+00:00","equity":1011.45},{"timestamp":"2026-04-25T18:00:00+00:00","equity":1011.61},{"timestamp":"2026-04-25T19:00:00+00:00","equity":1011.75},{"timestamp":"2026-04-25T20:00:00+00:00","equity":1012.47},{"timestamp":"2026-04-25T21:00:00+00:00","equity":1012.74},{"timestamp":"2026-04-25T22:00:00+00:00","equity":1012.83},{"timestamp":"2026-04-25T23:00:00+00:00","equity":1013.18},{"timestamp":"2026-04-26T00:00:00+00:00","equity":1012.58},{"timestamp":"2026-04-26T01:00:00+00:00","equity":1012.38},{"timestamp":"2026-04-26T02:00:00+00:00","equity":1012.69},{"timestamp":"2026-04-26T03:00:00+00:00","equity":1012.06},{"timestamp":"2026-04-26T04:00:00+00:00","equity":1013.82},{"timestamp":"2026-04-26T05:00:00+00:00","equity":1014.81},{"timestamp":"2026-04-26T06:00:00+00:00","equity":1014.87},{"timestamp":"2026-04-26T07:00:00+00:00","equity":1015.36},{"timestamp":"2026-04-26T08:00:00+00:00","equity":1015.01},{"timestamp":"2026-04-26T09:00:00+00:00","equity":1014.91},{"timestamp":"2026-04-26T10:00:00+00:00","equity":1014.9},{"timestamp":"2026-04-26T11:00:00+00:00","equity":1015.33},{"timestamp":"2026-04-26T12:00:00+00:00","equity":1014.1},{"timestamp":"2026-04-26T13:00:00+00:00","equity":1014.75},{"timestamp":"2026-04-26T14:00:00+00:00","equity":1015.28},{"timestamp":"2026-04-26T15:00:00+00:00","equity":1015.12},{"timestamp":"2026-04-26T16:00:00+00:00","equity":1014.58},{"timestamp":"2026-04-26T17:00:00+00:00","equity":1014.96},{"timestamp":"2026-04-26T18:00:00+00:00","equity":1016.17},{"timestamp":"2026-04-26T19:00:00+00:00","equity":1015.97},{"timestamp":"2026-04-26T20:00:00+00:00","equity":1015.83},{"timestamp":"2026-04-26T21:00:00+00:00","equity":1016.93},{"timestamp":"2026-04-26T22:00:00+00:00","equity":1016.57},{"timestamp":"2026-04-26T23:00:00+00:00","equity":1017.71},{"timestamp":"2026-04-27T00:00:00+00:00","equity":1019.81},{"timestamp":"2026-04-27T01:00:00+00:00","equity":1019.87},{"timestamp":"2026-04-27T02:00:00+00:00","equity":1019.37},{"timestamp":"2026-04-27T03:00:00+00:00","equity":1019.27},{"timestamp":"2026-04-27T04:00:00+00:00","equity":1018.66},{"timestamp":"2026-04-27T05:00:00+00:00","equity":1015.68},{"timestamp":"2026-04-27T06:00:00+00:00","equity":1015.32},{"timestamp":"2026-04-27T07:00:00+00:00","equity":1014.92},{"timestamp":"2026-04-27T08:00:00+00:00","equity":1015.79},{"timestamp":"2026-04-27T09:00:00+00:00","equity":1016.21},{"timestamp":"2026-04-27T10:00:00+00:00","equity":1016.0},{"timestamp":"2026-04-27T11:00:00+00:00","equity":1015.96},{"timestamp":"2026-04-27T12:00:00+00:00","equity":1015.15},{"timestamp":"2026-04-27T13:00:00+00:00","equity":1015.51},{"timestamp":"2026-04-27T14:00:00+00:00","equity":1015.8},{"timestamp":"2026-04-27T15:00:00+00:00","equity":1012.03},{"timestamp":"2026-04-27T16:00:00+00:00","equity":1010.89},{"timestamp":"2026-04-27T17:00:00+00:00","equity":1011.53},{"timestamp":"2026-04-27T18:00:00+00:00","equity":1012.1},{"timestamp":"2026-04-27T19:00:00+00:00","equity":1012.47},{"timestamp":"2026-04-27T20:00:00+00:00","equity":1012.88},{"timestamp":"2026-04-27T21:00:00+00:00","equity":1011.85},{"timestamp":"2026-04-27T22:00:00+00:00","equity":1013.48},{"timestamp":"2026-04-27T23:00:00+00:00","equity":1015.25},{"timestamp":"2026-04-28T00:00:00+00:00","equity":1015.35},{"timestamp":"2026-04-28T01:00:00+00:00","equity":1013.65},{"timestamp":"2026-04-28T02:00:00+00:00","equity":1012.49},{"timestamp":"2026-04-28T03:00:00+00:00","equity":1012.04},{"timestamp":"2026-04-28T04:00:00+00:00","equity":1012.48},{"timestamp":"2026-04-28T05:00:00+00:00","equity":1012.46},{"timestamp":"2026-04-28T06:00:00+00:00","equity":1011.39},{"timestamp":"2026-04-28T07:00:00+00:00","equity":1012.41},{"timestamp":"2026-04-28T08:00:00+00:00","equity":1012.31},{"timestamp":"2026-04-28T09:00:00+00:00","equity":1010.75},{"timestamp":"2026-04-28T10:00:00+00:00","equity":1010.84},{"timestamp":"2026-04-28T11:00:00+00:00","equity":1008.64},{"timestamp":"2026-04-28T12:00:00+00:00","equity":1009.58},{"timestamp":"2026-04-28T13:00:00+00:00","equity":1008.62},{"timestamp":"2026-04-28T14:00:00+00:00","equity":1006.92},{"timestamp":"2026-04-28T15:00:00+00:00","equity":1007.7},{"timestamp":"2026-04-28T16:00:00+00:00","equity":1008.1},{"timestamp":"2026-04-28T17:00:00+00:00","equity":1008.5},{"timestamp":"2026-04-28T18:00:00+00:00","equity":1008.88},{"timestamp":"2026-04-28T19:00:00+00:00","equity":1009.6},{"timestamp":"2026-04-28T20:00:00+00:00","equity":1010.56},{"timestamp":"2026-04-28T21:00:00+00:00","equity":1009.78},{"timestamp":"2026-04-28T22:00:00+00:00","equity":1008.94},{"timestamp":"2026-04-28T23:00:00+00:00","equity":1009.54},{"timestamp":"2026-04-29T00:00:00+00:00","equity":1010.84},{"timestamp":"2026-04-29T01:00:00+00:00","equity":1011.14},{"timestamp":"2026-04-29T02:00:00+00:00","equity":1010.89},{"timestamp":"2026-04-29T03:00:00+00:00","equity":1014.0},{"timestamp":"2026-04-29T04:00:00+00:00","equity":1015.59},{"timestamp":"2026-04-29T05:00:00+00:00","equity":1015.7},{"timestamp":"2026-04-29T06:00:00+00:00","equity":1014.17},{"timestamp":"2026-04-29T07:00:00+00:00","equity":1014.28},{"timestamp":"2026-04-29T08:00:00+00:00","equity":1014.25},{"timestamp":"2026-04-29T09:00:00+00:00","equity":1017.85},{"timestamp":"2026-04-29T10:00:00+00:00","equity":1017.72},{"timestamp":"2026-04-29T11:00:00+00:00","equity":1017.55},{"timestamp":"2026-04-29T12:00:00+00:00","equity":1015.44},{"timestamp":"2026-04-29T13:00:00+00:00","equity":1013.58},{"timestamp":"2026-04-29T14:00:00+00:00","equity":1012.39},{"timestamp":"2026-04-29T15:00:00+00:00","equity":1008.5},{"timestamp":"2026-04-29T16:00:00+00:00","equity":1007.59},{"timestamp":"2026-04-29T17:00:00+00:00","equity":1010.11},{"timestamp":"2026-04-29T18:00:00+00:00","equity":1006.55},{"timestamp":"2026-04-29T19:00:00+00:00","equity":1006.86},{"timestamp":"2026-04-29T20:00:00+00:00","equity":1007.67},{"timestamp":"2026-04-29T21:00:00+00:00","equity":1009.47},{"timestamp":"2026-04-29T22:00:00+00:00","equity":1009.41},{"timestamp":"2026-04-29T23:00:00+00:00","equity":1008.43},{"timestamp":"2026-04-30T00:00:00+00:00","equity":1011.78},{"timestamp":"2026-04-30T01:00:00+00:00","equity":1011.64},{"timestamp":"2026-04-30T02:00:00+00:00","equity":1007.87},{"timestamp":"2026-04-30T03:00:00+00:00","equity":1009.47},{"timestamp":"2026-04-30T04:00:00+00:00","equity":1006.36},{"timestamp":"2026-04-30T05:00:00+00:00","equity":1007.14},{"timestamp":"2026-04-30T06:00:00+00:00","equity":1008.24},{"timestamp":"2026-04-30T07:00:00+00:00","equity":1011.09},{"timestamp":"2026-04-30T08:00:00+00:00","equity":1010.4},{"timestamp":"2026-04-30T09:00:00+00:00","equity":1010.65},{"timestamp":"2026-04-30T10:00:00+00:00","equity":1010.11},{"timestamp":"2026-04-30T11:00:00+00:00","equity":1010.43},{"timestamp":"2026-04-30T12:00:00+00:00","equity":1012.07},{"timestamp":"2026-04-30T13:00:00+00:00","equity":1012.82},{"timestamp":"2026-04-30T14:00:00+00:00","equity":1012.02},{"timestamp":"2026-04-30T15:00:00+00:00","equity":1013.21},{"timestamp":"2026-04-30T16:00:00+00:00","equity":1011.71},{"timestamp":"2026-04-30T17:00:00+00:00","equity":1011.62},{"timestamp":"2026-04-30T18:00:00+00:00","equity":1012.35},{"timestamp":"2026-04-30T19:00:00+00:00","equity":1012.94},{"timestamp":"2026-04-30T20:00:00+00:00","equity":1013.37},{"timestamp":"2026-04-30T21:00:00+00:00","equity":1011.6},{"timestamp":"2026-04-30T22:00:00+00:00","equity":1011.59},{"timestamp":"2026-04-30T23:00:00+00:00","equity":1012.22},{"timestamp":"2026-05-01T00:00:00+00:00","equity":1013.11},{"timestamp":"2026-05-01T01:00:00+00:00","equity":1014.69},{"timestamp":"2026-05-01T02:00:00+00:00","equity":1014.11},{"timestamp":"2026-05-01T03:00:00+00:00","equity":1017.43},{"timestamp":"2026-05-01T04:00:00+00:00","equity":1016.92},{"timestamp":"2026-05-01T05:00:00+00:00","equity":1017.71},{"timestamp":"2026-05-01T06:00:00+00:00","equity":1016.73},{"timestamp":"2026-05-01T07:00:00+00:00","equity":1017.52},{"timestamp":"2026-05-01T08:00:00+00:00","equity":1018.97},{"timestamp":"2026-05-01T09:00:00+00:00","equity":1018.43},{"timestamp":"2026-05-01T10:00:00+00:00","equity":1018.51},{"timestamp":"2026-05-01T11:00:00+00:00","equity":1019.51},{"timestamp":"2026-05-01T12:00:00+00:00","equity":1021.78},{"timestamp":"2026-05-01T13:00:00+00:00","equity":1025.54},{"timestamp":"2026-05-01T14:00:00+00:00","equity":1024.19},{"timestamp":"2026-05-01T15:00:00+00:00","equity":1024.46},{"timestamp":"2026-05-01T16:00:00+00:00","equity":1023.63},{"timestamp":"2026-05-01T17:00:00+00:00","equity":1024.82},{"timestamp":"2026-05-01T18:00:00+00:00","equity":1024.43},{"timestamp":"2026-05-01T19:00:00+00:00","equity":1024.22},{"timestamp":"2026-05-01T20:00:00+00:00","equity":1022.64},{"timestamp":"2026-05-01T21:00:00+00:00","equity":1024.18},{"timestamp":"2026-05-01T22:00:00+00:00","equity":1023.9},{"timestamp":"2026-05-01T23:00:00+00:00","equity":1024.3},{"timestamp":"2026-05-02T00:00:00+00:00","equity":1024.82},{"timestamp":"2026-05-02T01:00:00+00:00","equity":1024.83},{"timestamp":"2026-05-02T02:00:00+00:00","equity":1024.88},{"timestamp":"2026-05-02T03:00:00+00:00","equity":1025.11},{"timestamp":"2026-05-02T04:00:00+00:00","equity":1024.05},{"timestamp":"2026-05-02T05:00:00+00:00","equity":1024.04},{"timestamp":"2026-05-02T06:00:00+00:00","equity":1024.72},{"timestamp":"2026-05-02T07:00:00+00:00","equity":1024.2},{"timestamp":"2026-05-02T08:00:00+00:00","equity":1024.67},{"timestamp":"2026-05-02T09:00:00+00:00","equity":1024.61},{"timestamp":"2026-05-02T10:00:00+00:00","equity":1024.38},{"timestamp":"2026-05-02T11:00:00+00:00","equity":1023.9},{"timestamp":"2026-05-02T12:00:00+00:00","equity":1024.21},{"timestamp":"2026-05-02T13:00:00+00:00","equity":1024.91},{"timestamp":"2026-05-02T14:00:00+00:00","equity":1025.14},{"timestamp":"2026-05-02T15:00:00+00:00","equity":1025.45},{"timestamp":"2026-05-02T16:00:00+00:00","equity":1025.28},{"timestamp":"2026-05-02T17:00:00+00:00","equity":1025.04},{"timestamp":"2026-05-02T18:00:00+00:00","equity":1025.33},{"timestamp":"2026-05-02T19:00:00+00:00","equity":1025.4},{"timestamp":"2026-05-02T20:00:00+00:00","equity":1025.34},{"timestamp":"2026-05-02T21:00:00+00:00","equity":1026.36},{"timestamp":"2026-05-02T22:00:00+00:00","equity":1026.74},{"timestamp":"2026-05-02T23:00:00+00:00","equity":1026.22},{"timestamp":"2026-05-03T00:00:00+00:00","equity":1025.77},{"timestamp":"2026-05-03T01:00:00+00:00","equity":1024.73},{"timestamp":"2026-05-03T02:00:00+00:00","equity":1024.43},{"timestamp":"2026-05-03T03:00:00+00:00","equity":1024.55},{"timestamp":"2026-05-03T04:00:00+00:00","equity":1024.44},{"timestamp":"2026-05-03T05:00:00+00:00","equity":1024.7},{"timestamp":"2026-05-03T06:00:00+00:00","equity":1024.84},{"timestamp":"2026-05-03T07:00:00+00:00","equity":1025.1},{"timestamp":"2026-05-03T08:00:00+00:00","equity":1025.18},{"timestamp":"2026-05-03T09:00:00+00:00","equity":1025.7},{"timestamp":"2026-05-03T10:00:00+00:00","equity":1025.26},{"timestamp":"2026-05-03T11:00:00+00:00","equity":1026.13},{"timestamp":"2026-05-03T12:00:00+00:00","equity":1026.44},{"timestamp":"2026-05-03T13:00:00+00:00","equity":1026.11},{"timestamp":"2026-05-03T14:00:00+00:00","equity":1026.35},{"timestamp":"2026-05-03T15:00:00+00:00","equity":1026.13},{"timestamp":"2026-05-03T16:00:00+00:00","equity":1026.11},{"timestamp":"2026-05-03T17:00:00+00:00","equity":1026.35},{"timestamp":"2026-05-03T18:00:00+00:00","equity":1026.39},{"timestamp":"2026-05-03T19:00:00+00:00","equity":1026.46},{"timestamp":"2026-05-03T20:00:00+00:00","equity":1027.03},{"timestamp":"2026-05-03T21:00:00+00:00","equity":1026.7},{"timestamp":"2026-05-03T22:00:00+00:00","equity":1027.89},{"timestamp":"2026-05-03T23:00:00+00:00","equity":1025.79},{"timestamp":"2026-05-04T00:00:00+00:00","equity":1025.72},{"timestamp":"2026-05-04T01:00:00+00:00","equity":1029.54},{"timestamp":"2026-05-04T02:00:00+00:00","equity":1030.48},{"timestamp":"2026-05-04T03:00:00+00:00","equity":1030.79},{"timestamp":"2026-05-04T04:00:00+00:00","equity":1030.85},{"timestamp":"2026-05-04T05:00:00+00:00","equity":1030.5},{"timestamp":"2026-05-04T06:00:00+00:00","equity":1030.71},{"timestamp":"2026-05-04T07:00:00+00:00","equity":1030.32},{"timestamp":"2026-05-04T08:00:00+00:00","equity":1030.33},{"timestamp":"2026-05-04T09:00:00+00:00","equity":1030.62},{"timestamp":"2026-05-04T10:00:00+00:00","equity":1029.55},{"timestamp":"2026-05-04T11:00:00+00:00","equity":1029.2},{"timestamp":"2026-05-04T12:00:00+00:00","equity":1029.36},{"timestamp":"2026-05-04T13:00:00+00:00","equity":1029.35},{"timestamp":"2026-05-04T14:00:00+00:00","equity":1033.56},{"timestamp":"2026-05-04T15:00:00+00:00","equity":1033.93},{"timestamp":"2026-05-04T16:00:00+00:00","equity":1033.91},{"timestamp":"2026-05-04T17:00:00+00:00","equity":1034.67},{"timestamp":"2026-05-04T18:00:00+00:00","equity":1034.36},{"timestamp":"2026-05-04T19:00:00+00:00","equity":1034.3},{"timestamp":"2026-05-04T20:00:00+00:00","equity":1034.17},{"timestamp":"2026-05-04T21:00:00+00:00","equity":1034.53},{"timestamp":"2026-05-04T22:00:00+00:00","equity":1034.31},{"timestamp":"2026-05-04T23:00:00+00:00","equity":1034.06},{"timestamp":"2026-05-05T00:00:00+00:00","equity":1034.43},{"timestamp":"2026-05-05T01:00:00+00:00","equity":1034.63},{"timestamp":"2026-05-05T02:00:00+00:00","equity":1034.86},{"timestamp":"2026-05-05T03:00:00+00:00","equity":1035.24},{"timestamp":"2026-05-05T04:00:00+00:00","equity":1035.26},{"timestamp":"2026-05-05T05:00:00+00:00","equity":1035.33},{"timestamp":"2026-05-05T06:00:00+00:00","equity":1035.34},{"timestamp":"2026-05-05T07:00:00+00:00","equity":1035.22},{"timestamp":"2026-05-05T08:00:00+00:00","equity":1035.17},{"timestamp":"2026-05-05T09:00:00+00:00","equity":1034.9},{"timestamp":"2026-05-05T10:00:00+00:00","equity":1035.18},{"timestamp":"2026-05-05T11:00:00+00:00","equity":1035.4},{"timestamp":"2026-05-05T12:00:00+00:00","equity":1035.69},{"timestamp":"2026-05-05T13:00:00+00:00","equity":1035.66},{"timestamp":"2026-05-05T14:00:00+00:00","equity":1035.66},{"timestamp":"2026-05-05T15:00:00+00:00","equity":1035.66},{"timestamp":"2026-05-05T16:00:00+00:00","equity":1035.66},{"timestamp":"2026-05-05T17:00:00+00:00","equity":1035.66},{"timestamp":"2026-05-05T18:00:00+00:00","equity":1035.66},{"timestamp":"2026-05-05T19:00:00+00:00","equity":1035.66},{"timestamp":"2026-05-05T20:00:00+00:00","equity":1035.66},{"timestamp":"2026-05-05T21:00:00+00:00","equity":1035.66},{"timestamp":"2026-05-05T22:00:00+00:00","equity":1035.66},{"timestamp":"2026-05-05T23:00:00+00:00","equity":1035.66},{"timestamp":"2026-05-06T00:00:00+00:00","equity":1035.66},{"timestamp":"2026-05-06T01:00:00+00:00","equity":1035.66},{"timestamp":"2026-05-06T02:00:00+00:00","equity":1035.66},{"timestamp":"2026-05-06T03:00:00+00:00","equity":1035.66},{"timestamp":"2026-05-06T04:00:00+00:00","equity":1035.66},{"timestamp":"2026-05-06T05:00:00+00:00","equity":1035.66},{"timestamp":"2026-05-06T06:00:00+00:00","equity":1035.66},{"timestamp":"2026-05-06T07:00:00+00:00","equity":1035.66},{"timestamp":"2026-05-06T08:00:00+00:00","equity":1035.66},{"timestamp":"2026-05-06T09:00:00+00:00","equity":1035.66},{"timestamp":"2026-05-06T10:00:00+00:00","equity":1035.66},{"timestamp":"2026-05-06T11:00:00+00:00","equity":1035.66},{"timestamp":"2026-05-06T12:00:00+00:00","equity":1035.66},{"timestamp":"2026-05-06T13:00:00+00:00","equity":1035.66},{"timestamp":"2026-05-06T14:00:00+00:00","equity":1035.66},{"timestamp":"2026-05-06T15:00:00+00:00","equity":1035.66},{"timestamp":"2026-05-06T16:00:00+00:00","equity":1035.66},{"timestamp":"2026-05-06T17:00:00+00:00","equity":1035.66},{"timestamp":"2026-05-06T18:00:00+00:00","equity":1035.66},{"timestamp":"2026-05-06T19:00:00+00:00","equity":1035.66},{"timestamp":"2026-05-06T20:00:00+00:00","equity":1035.66},{"timestamp":"2026-05-06T21:00:00+00:00","equity":1035.66},{"timestamp":"2026-05-06T22:00:00+00:00","equity":1035.66},{"timestamp":"2026-05-06T23:00:00+00:00","equity":1035.66},{"timestamp":"2026-05-07T00:00:00+00:00","equity":1035.66},{"timestamp":"2026-05-07T01:00:00+00:00","equity":1035.66},{"timestamp":"2026-05-07T02:00:00+00:00","equity":1035.66},{"timestamp":"2026-05-07T03:00:00+00:00","equity":1035.66},{"timestamp":"2026-05-07T04:00:00+00:00","equity":1035.66},{"timestamp":"2026-05-07T05:00:00+00:00","equity":1035.66},{"timestamp":"2026-05-07T06:00:00+00:00","equity":1035.66},{"timestamp":"2026-05-07T07:00:00+00:00","equity":1035.66},{"timestamp":"2026-05-07T08:00:00+00:00","equity":1035.66},{"timestamp":"2026-05-07T09:00:00+00:00","equity":1035.66},{"timestamp":"2026-05-07T10:00:00+00:00","equity":1035.66},{"timestamp":"2026-05-07T11:00:00+00:00","equity":1035.66},{"timestamp":"2026-05-07T12:00:00+00:00","equity":1035.66},{"timestamp":"2026-05-07T13:00:00+00:00","equity":1035.74},{"timestamp":"2026-05-07T14:00:00+00:00","equity":1035.35},{"timestamp":"2026-05-07T15:00:00+00:00","equity":1035.03},{"timestamp":"2026-05-07T16:00:00+00:00","equity":1034.93},{"timestamp":"2026-05-07T17:00:00+00:00","equity":1035.93},{"timestamp":"2026-05-07T18:00:00+00:00","equity":1036.19},{"timestamp":"2026-05-07T19:00:00+00:00","equity":1036.01},{"timestamp":"2026-05-07T20:00:00+00:00","equity":1035.44},{"timestamp":"2026-05-07T21:00:00+00:00","equity":1035.09},{"timestamp":"2026-05-07T22:00:00+00:00","equity":1035.51},{"timestamp":"2026-05-07T23:00:00+00:00","equity":1035.71},{"timestamp":"2026-05-08T00:00:00+00:00","equity":1035.32},{"timestamp":"2026-05-08T01:00:00+00:00","equity":1034.91},{"timestamp":"2026-05-08T03:00:00+00:00","equity":1034.7},{"timestamp":"2026-05-08T04:00:00+00:00","equity":1034.91},{"timestamp":"2026-05-08T05:00:00+00:00","equity":1034.87},{"timestamp":"2026-05-08T06:00:00+00:00","equity":1034.52},{"timestamp":"2026-05-08T07:00:00+00:00","equity":1034.9},{"timestamp":"2026-05-08T08:00:00+00:00","equity":1035.56},{"timestamp":"2026-05-08T09:00:00+00:00","equity":1035.38},{"timestamp":"2026-05-08T10:00:00+00:00","equity":1036.2},{"timestamp":"2026-05-08T11:00:00+00:00","equity":1036.23},{"timestamp":"2026-05-08T12:00:00+00:00","equity":1036.14},{"timestamp":"2026-05-08T13:00:00+00:00","equity":1035.66},{"timestamp":"2026-05-08T14:00:00+00:00","equity":1036.27},{"timestamp":"2026-05-08T15:00:00+00:00","equity":1036.26},{"timestamp":"2026-05-08T16:00:00+00:00","equity":1035.87},{"timestamp":"2026-05-08T17:00:00+00:00","equity":1036.17},{"timestamp":"2026-05-08T18:00:00+00:00","equity":1036.2},{"timestamp":"2026-05-08T19:00:00+00:00","equity":1036.23},{"timestamp":"2026-05-08T20:00:00+00:00","equity":1036.26},{"timestamp":"2026-05-08T21:00:00+00:00","equity":1036.41},{"timestamp":"2026-05-08T22:00:00+00:00","equity":1036.42},{"timestamp":"2026-05-08T23:00:00+00:00","equity":1036.33},{"timestamp":"2026-05-09T00:00:00+00:00","equity":1036.38},{"timestamp":"2026-05-09T01:00:00+00:00","equity":1036.48},{"timestamp":"2026-05-09T02:00:00+00:00","equity":1036.58},{"timestamp":"2026-05-09T03:00:00+00:00","equity":1036.55},{"timestamp":"2026-05-09T04:00:00+00:00","equity":1036.55},{"timestamp":"2026-05-09T05:00:00+00:00","equity":1036.54},{"timestamp":"2026-05-09T06:00:00+00:00","equity":1036.4},{"timestamp":"2026-05-09T07:00:00+00:00","equity":1036.36},{"timestamp":"2026-05-09T08:00:00+00:00","equity":1036.57},{"timestamp":"2026-05-09T09:00:00+00:00","equity":1036.39},{"timestamp":"2026-05-09T10:00:00+00:00","equity":1036.41},{"timestamp":"2026-05-09T11:00:00+00:00","equity":1036.49},{"timestamp":"2026-05-09T12:00:00+00:00","equity":1036.57},{"timestamp":"2026-05-09T13:00:00+00:00","equity":1036.56},{"timestamp":"2026-05-09T14:00:00+00:00","equity":1036.49},{"timestamp":"2026-05-09T15:00:00+00:00","equity":1036.71},{"timestamp":"2026-05-09T16:00:00+00:00","equity":1036.81},{"timestamp":"2026-05-09T17:00:00+00:00","equity":1037.02},{"timestamp":"2026-05-09T18:00:00+00:00","equity":1037.13},{"timestamp":"2026-05-09T19:00:00+00:00","equity":1037.17},{"timestamp":"2026-05-09T20:00:00+00:00","equity":1037.02},{"timestamp":"2026-05-09T21:00:00+00:00","equity":1036.98},{"timestamp":"2026-05-09T22:00:00+00:00","equity":1036.97},{"timestamp":"2026-05-09T23:00:00+00:00","equity":1036.86},{"timestamp":"2026-05-10T00:00:00+00:00","equity":1036.86},{"timestamp":"2026-05-10T01:00:00+00:00","equity":1036.87},{"timestamp":"2026-05-10T02:00:00+00:00","equity":1036.98},{"timestamp":"2026-05-10T03:00:00+00:00","equity":1036.97},{"timestamp":"2026-05-10T04:00:00+00:00","equity":1036.96},{"timestamp":"2026-05-10T05:00:00+00:00","equity":1036.89},{"timestamp":"2026-05-10T06:00:00+00:00","equity":1036.94},{"timestamp":"2026-05-10T07:00:00+00:00","equity":1036.94},{"timestamp":"2026-05-10T08:00:00+00:00","equity":1037.04},{"timestamp":"2026-05-10T09:00:00+00:00","equity":1037.01},{"timestamp":"2026-05-10T10:00:00+00:00","equity":1037.08},{"timestamp":"2026-05-10T11:00:00+00:00","equity":1037.01},{"timestamp":"2026-05-10T12:00:00+00:00","equity":1037.17},{"timestamp":"2026-05-10T13:00:00+00:00","equity":1037.21},{"timestamp":"2026-05-10T14:00:00+00:00","equity":1037.23},{"timestamp":"2026-05-10T15:00:00+00:00","equity":1037.54},{"timestamp":"2026-05-10T16:00:00+00:00","equity":1037.54},{"timestamp":"2026-05-10T17:00:00+00:00","equity":1037.54},{"timestamp":"2026-05-10T18:00:00+00:00","equity":1037.54},{"timestamp":"2026-05-10T19:00:00+00:00","equity":1037.54},{"timestamp":"2026-05-10T20:00:00+00:00","equity":1038.47},{"timestamp":"2026-05-10T21:00:00+00:00","equity":1038.47},{"timestamp":"2026-05-10T22:00:00+00:00","equity":1038.47},{"timestamp":"2026-05-10T23:00:00+00:00","equity":1038.47},{"timestamp":"2026-05-11T00:00:00+00:00","equity":1038.47},{"timestamp":"2026-05-11T01:00:00+00:00","equity":1038.47},{"timestamp":"2026-05-11T02:00:00+00:00","equity":1038.47},{"timestamp":"2026-05-11T03:00:00+00:00","equity":1038.47},{"timestamp":"2026-05-11T04:00:00+00:00","equity":1038.47},{"timestamp":"2026-05-11T05:00:00+00:00","equity":1038.47},{"timestamp":"2026-05-11T06:00:00+00:00","equity":1038.47},{"timestamp":"2026-05-11T07:00:00+00:00","equity":1038.47},{"timestamp":"2026-05-11T08:00:00+00:00","equity":1038.47},{"timestamp":"2026-05-11T09:00:00+00:00","equity":1038.47},{"timestamp":"2026-05-11T10:00:00+00:00","equity":1038.47},{"timestamp":"2026-05-11T11:00:00+00:00","equity":1038.47},{"timestamp":"2026-05-11T12:00:00+00:00","equity":1038.47},{"timestamp":"2026-05-11T13:00:00+00:00","equity":1038.47},{"timestamp":"2026-05-11T14:00:00+00:00","equity":1038.47},{"timestamp":"2026-05-11T15:00:00+00:00","equity":1038.47},{"timestamp":"2026-05-11T16:00:00+00:00","equity":1038.47},{"timestamp":"2026-05-11T17:00:00+00:00","equity":1038.47},{"timestamp":"2026-05-11T18:00:00+00:00","equity":1038.47},{"timestamp":"2026-05-11T19:00:00+00:00","equity":1038.47},{"timestamp":"2026-05-11T20:00:00+00:00","equity":1038.47},{"timestamp":"2026-05-11T21:00:00+00:00","equity":1038.47},{"timestamp":"2026-05-12T00:00:00+00:00","equity":1038.47}],"bar_count":694,"bars":[{"timestamp":"2026-04-13T00:00:00+00:00","open":70741.296875,"high":71229.5703125,"low":70629.453125,"close":71159.4609375,"volume":103297024.0},{"timestamp":"2026-04-13T01:00:00+00:00","open":71174.0625,"high":71224.4453125,"low":71064.9140625,"close":71221.5,"volume":0.0},{"timestamp":"2026-04-13T02:00:00+00:00","open":71199.1796875,"high":71264.46875,"low":71013.8515625,"close":71080.9375,"volume":0.0},{"timestamp":"2026-04-13T03:00:00+00:00","open":71063.625,"high":71126.6328125,"low":70951.0078125,"close":70989.6875,"volume":0.0},{"timestamp":"2026-04-13T04:00:00+00:00","open":70981.3125,"high":71120.4453125,"low":70866.296875,"close":70932.84375,"volume":450109440.0},{"timestamp":"2026-04-13T05:00:00+00:00","open":70904.03125,"high":70916.1796875,"low":70713.4921875,"close":70857.4375,"volume":975269888.0},{"timestamp":"2026-04-13T06:00:00+00:00","open":70870.625,"high":71077.578125,"low":70870.625,"close":71064.859375,"volume":1428049920.0},{"timestamp":"2026-04-13T07:00:00+00:00","open":71043.46875,"high":71043.46875,"low":70699.671875,"close":70831.3125,"volume":1218619392.0},{"timestamp":"2026-04-13T08:00:00+00:00","open":70810.34375,"high":70846.5078125,"low":70588.5234375,"close":70667.7890625,"volume":1922785280.0},{"timestamp":"2026-04-13T09:00:00+00:00","open":70667.7890625,"high":70881.15625,"low":70667.7890625,"close":70789.25,"volume":0.0},{"timestamp":"2026-04-13T10:00:00+00:00","open":70791.625,"high":70835.046875,"low":70727.5,"close":70745.5390625,"volume":0.0},{"timestamp":"2026-04-13T11:00:00+00:00","open":70738.1796875,"high":70960.5546875,"low":70738.1796875,"close":70947.2109375,"volume":256931840.0},{"timestamp":"2026-04-13T12:00:00+00:00","open":70883.4453125,"high":71195.453125,"low":70788.5,"close":71102.421875,"volume":43233280.0},{"timestamp":"2026-04-13T13:00:00+00:00","open":71127.4453125,"high":71608.9296875,"low":70859.5234375,"close":71608.9296875,"volume":1137176576.0},{"timestamp":"2026-04-13T14:00:00+00:00","open":71657.2890625,"high":72420.1171875,"low":71485.4453125,"close":72420.1171875,"volume":2789216256.0},{"timestamp":"2026-04-13T15:00:00+00:00","open":72408.421875,"high":72408.421875,"low":71691.8515625,"close":71838.046875,"volume":2246270976.0},{"timestamp":"2026-04-13T16:00:00+00:00","open":71909.3828125,"high":72436.6171875,"low":71821.390625,"close":72204.7265625,"volume":2313646080.0},{"timestamp":"2026-04-13T17:00:00+00:00","open":72187.40625,"high":72560.015625,"low":72151.6171875,"close":72153.3984375,"volume":2198884352.0},{"timestamp":"2026-04-13T18:00:00+00:00","open":72168.9765625,"high":72457.6875,"low":72101.75,"close":72457.6875,"volume":1392091136.0},{"timestamp":"2026-04-13T19:00:00+00:00","open":72454.0078125,"high":73472.53125,"low":72327.703125,"close":73373.984375,"volume":3468292096.0},{"timestamp":"2026-04-13T20:00:00+00:00","open":73379.046875,"high":73379.046875,"low":73046.53125,"close":73204.078125,"volume":1933516800.0},{"timestamp":"2026-04-13T21:00:00+00:00","open":73182.1171875,"high":73338.9609375,"low":73137.4140625,"close":73229.1640625,"volume":616419328.0},{"timestamp":"2026-04-13T22:00:00+00:00","open":73208.84375,"high":74699.296875,"low":73208.84375,"close":74640.609375,"volume":2595000320.0},{"timestamp":"2026-04-13T23:00:00+00:00","open":74546.9921875,"high":74856.671875,"low":74485.984375,"close":74532.7421875,"volume":2946129920.0},{"timestamp":"2026-04-14T00:00:00+00:00","open":74442.2265625,"high":74504.140625,"low":74162.0234375,"close":74162.0234375,"volume":108036096.0},{"timestamp":"2026-04-14T01:00:00+00:00","open":74145.921875,"high":74427.2734375,"low":74074.78125,"close":74378.9921875,"volume":2039922688.0},{"timestamp":"2026-04-14T02:00:00+00:00","open":74404.7109375,"high":74566.109375,"low":74317.484375,"close":74374.3671875,"volume":0.0},{"timestamp":"2026-04-14T03:00:00+00:00","open":74365.78125,"high":74499.0078125,"low":74291.6796875,"close":74454.3828125,"volume":392503296.0},{"timestamp":"2026-04-14T04:00:00+00:00","open":74450.8515625,"high":74512.1640625,"low":74391.2421875,"close":74397.703125,"volume":0.0},{"timestamp":"2026-04-14T05:00:00+00:00","open":74393.7578125,"high":74418.0859375,"low":74192.1875,"close":74209.84375,"volume":0.0},{"timestamp":"2026-04-14T06:00:00+00:00","open":74312.171875,"high":74565.7734375,"low":74299.1484375,"close":74565.7734375,"volume":238682112.0},{"timestamp":"2026-04-14T07:00:00+00:00","open":74551.2734375,"high":74930.4296875,"low":74511.1953125,"close":74547.5546875,"volume":1304555520.0},{"timestamp":"2026-04-14T08:00:00+00:00","open":74547.046875,"high":74901.6875,"low":74510.515625,"close":74776.1640625,"volume":905838592.0},{"timestamp":"2026-04-14T09:00:00+00:00","open":74770.9375,"high":74845.84375,"low":74469.1640625,"close":74538.09375,"volume":705634304.0},{"timestamp":"2026-04-14T10:00:00+00:00","open":74506.390625,"high":74638.0703125,"low":74363.4921875,"close":74423.4453125,"volume":603942912.0},{"timestamp":"2026-04-14T11:00:00+00:00","open":74395.28125,"high":74465.9609375,"low":74333.2734375,"close":74456.0,"volume":460406784.0},{"timestamp":"2026-04-14T12:00:00+00:00","open":74398.828125,"high":74457.5859375,"low":74297.015625,"close":74457.5859375,"volume":120107008.0},{"timestamp":"2026-04-14T13:00:00+00:00","open":74455.375,"high":75495.4765625,"low":74455.375,"close":75490.3984375,"volume":1937948672.0},{"timestamp":"2026-04-14T14:00:00+00:00","open":75532.8046875,"high":76009.03125,"low":75180.125,"close":75180.125,"volume":3226267648.0},{"timestamp":"2026-04-14T15:00:00+00:00","open":75090.1796875,"high":75423.8984375,"low":74743.2890625,"close":75367.1640625,"volume":628752384.0},{"timestamp":"2026-04-14T16:00:00+00:00","open":75390.9609375,"high":75666.0390625,"low":74566.21875,"close":74566.21875,"volume":0.0},{"timestamp":"2026-04-14T17:00:00+00:00","open":74653.4140625,"high":74947.6328125,"low":74332.015625,"close":74766.5,"volume":0.0},{"timestamp":"2026-04-14T18:00:00+00:00","open":74806.2109375,"high":74809.5546875,"low":73946.8515625,"close":74097.0625,"volume":653688832.0},{"timestamp":"2026-04-14T19:00:00+00:00","open":74132.796875,"high":74403.9296875,"low":73960.7578125,"close":74265.8984375,"volume":0.0},{"timestamp":"2026-04-14T20:00:00+00:00","open":74329.203125,"high":74423.1484375,"low":74052.28125,"close":74052.28125,"volume":0.0},{"timestamp":"2026-04-14T21:00:00+00:00","open":74157.2109375,"high":74343.96875,"low":73982.46875,"close":74315.2890625,"volume":0.0},{"timestamp":"2026-04-14T22:00:00+00:00","open":74272.21875,"high":74413.2109375,"low":73905.1796875,"close":74067.359375,"volume":0.0},{"timestamp":"2026-04-14T23:00:00+00:00","open":74067.3203125,"high":74269.2578125,"low":74046.1796875,"close":74186.5390625,"volume":73728.0},{"timestamp":"2026-04-15T00:00:00+00:00","open":74176.09375,"high":74721.828125,"low":74153.2734375,"close":74601.5,"volume":1786605568.0},{"timestamp":"2026-04-15T01:00:00+00:00","open":74585.2734375,"high":74828.609375,"low":74531.28125,"close":74649.0,"volume":0.0},{"timestamp":"2026-04-15T02:00:00+00:00","open":74645.4609375,"high":74725.859375,"low":74218.1484375,"close":74359.84375,"volume":0.0},{"timestamp":"2026-04-15T03:00:00+00:00","open":74364.78125,"high":74405.9921875,"low":74214.53125,"close":74376.75,"volume":0.0},{"timestamp":"2026-04-15T04:00:00+00:00","open":74377.8515625,"high":74471.1796875,"low":74294.0078125,"close":74354.171875,"volume":0.0},{"timestamp":"2026-04-15T05:00:00+00:00","open":74369.9765625,"high":74463.9921875,"low":73912.578125,"close":74054.953125,"volume":0.0},{"timestamp":"2026-04-15T06:00:00+00:00","open":74036.921875,"high":74081.578125,"low":73902.921875,"close":73924.0,"volume":0.0},{"timestamp":"2026-04-15T07:00:00+00:00","open":73946.921875,"high":74048.46875,"low":73545.0,"close":73771.34375,"volume":68005888.0},{"timestamp":"2026-04-15T08:00:00+00:00","open":73776.828125,"high":74219.0078125,"low":73706.0,"close":74139.28125,"volume":0.0},{"timestamp":"2026-04-15T09:00:00+00:00","open":74139.9921875,"high":74213.4296875,"low":73930.25,"close":74033.4609375,"volume":0.0},{"timestamp":"2026-04-15T10:00:00+00:00","open":74019.359375,"high":74261.8828125,"low":73822.03125,"close":73890.8984375,"volume":151773184.0},{"timestamp":"2026-04-15T11:00:00+00:00","open":73906.546875,"high":74276.2421875,"low":73895.2890625,"close":74233.3203125,"volume":0.0},{"timestamp":"2026-04-15T12:00:00+00:00","open":74236.328125,"high":74475.671875,"low":74076.0078125,"close":74310.0625,"volume":292081664.0},{"timestamp":"2026-04-15T13:00:00+00:00","open":74302.453125,"high":74457.078125,"low":73836.0625,"close":74075.859375,"volume":0.0},{"timestamp":"2026-04-15T14:00:00+00:00","open":74082.0234375,"high":74531.6484375,"low":73855.53125,"close":74149.65625,"volume":0.0},{"timestamp":"2026-04-15T15:00:00+00:00","open":74164.8125,"high":74311.3828125,"low":73629.4375,"close":73872.0078125,"volume":0.0},{"timestamp":"2026-04-15T16:00:00+00:00","open":73850.0390625,"high":74192.28125,"low":73783.4921875,"close":73956.7265625,"volume":0.0},{"timestamp":"2026-04-15T17:00:00+00:00","open":73960.140625,"high":74253.6015625,"low":73929.9921875,"close":74154.9921875,"volume":0.0},{"timestamp":"2026-04-15T18:00:00+00:00","open":74139.421875,"high":74430.1328125,"low":74086.2265625,"close":74410.0,"volume":0.0},{"timestamp":"2026-04-15T19:00:00+00:00","open":74420.0078125,"high":75310.1015625,"low":74390.0,"close":75026.3203125,"volume":160878592.0},{"timestamp":"2026-04-15T20:00:00+00:00","open":75057.6796875,"high":75069.921875,"low":74541.0625,"close":74872.1484375,"volume":200192000.0},{"timestamp":"2026-04-15T21:00:00+00:00","open":74860.0390625,"high":74888.8828125,"low":74572.078125,"close":74765.3828125,"volume":0.0},{"timestamp":"2026-04-15T22:00:00+00:00","open":74784.7109375,"high":75400.0,"low":74763.890625,"close":74984.3828125,"volume":0.0},{"timestamp":"2026-04-15T23:00:00+00:00","open":74958.421875,"high":74969.703125,"low":74639.0,"close":74825.8671875,"volume":0.0},{"timestamp":"2026-04-16T00:00:00+00:00","open":74845.609375,"high":74899.15625,"low":74478.8203125,"close":74834.34375,"volume":0.0},{"timestamp":"2026-04-16T01:00:00+00:00","open":74810.0,"high":74810.0,"low":74494.21875,"close":74681.46875,"volume":0.0},{"timestamp":"2026-04-16T02:00:00+00:00","open":74681.4609375,"high":75284.0078125,"low":74614.59375,"close":74896.546875,"volume":0.0},{"timestamp":"2026-04-16T03:00:00+00:00","open":74890.9296875,"high":75155.8203125,"low":74880.1484375,"close":74904.2109375,"volume":2016497664.0},{"timestamp":"2026-04-16T04:00:00+00:00","open":74901.15625,"high":75185.8671875,"low":74751.0625,"close":74964.6484375,"volume":0.0},{"timestamp":"2026-04-16T05:00:00+00:00","open":74950.0,"high":75158.640625,"low":74915.09375,"close":75058.0078125,"volume":219258880.0},{"timestamp":"2026-04-16T06:00:00+00:00","open":75097.6875,"high":75130.4375,"low":74871.671875,"close":75051.109375,"volume":96534528.0},{"timestamp":"2026-04-16T07:00:00+00:00","open":75031.7421875,"high":75100.0,"low":74662.34375,"close":74721.5390625,"volume":0.0},{"timestamp":"2026-04-16T08:00:00+00:00","open":74721.546875,"high":74765.15625,"low":74535.4296875,"close":74697.7109375,"volume":804335616.0},{"timestamp":"2026-04-16T09:00:00+00:00","open":74679.25,"high":74927.828125,"low":74611.796875,"close":74612.671875,"volume":0.0},{"timestamp":"2026-04-16T10:00:00+00:00","open":74611.8828125,"high":74670.84375,"low":74290.78125,"close":74323.9921875,"volume":0.0},{"timestamp":"2026-04-16T11:00:00+00:00","open":74327.9921875,"high":74601.65625,"low":74300.0078125,"close":74593.328125,"volume":396546048.0},{"timestamp":"2026-04-16T12:00:00+00:00","open":74593.328125,"high":74876.34375,"low":74592.90625,"close":74632.8671875,"volume":0.0},{"timestamp":"2026-04-16T13:00:00+00:00","open":74628.7890625,"high":75023.1796875,"low":73309.7265625,"close":73793.9765625,"volume":937250816.0},{"timestamp":"2026-04-16T14:00:00+00:00","open":73766.3203125,"high":74198.890625,"low":73424.0234375,"close":73973.203125,"volume":372477952.0},{"timestamp":"2026-04-16T15:00:00+00:00","open":73969.7421875,"high":74893.3125,"low":73943.65625,"close":74719.9921875,"volume":1685315584.0},{"timestamp":"2026-04-16T16:00:00+00:00","open":74746.0,"high":74956.0,"low":74088.59375,"close":74186.03125,"volume":538931200.0},{"timestamp":"2026-04-16T17:00:00+00:00","open":74167.8828125,"high":74459.3984375,"low":73917.140625,"close":74346.0,"volume":130420736.0},{"timestamp":"2026-04-16T18:00:00+00:00","open":74354.03125,"high":75092.3125,"low":74250.09375,"close":75054.4375,"volume":0.0},{"timestamp":"2026-04-16T19:00:00+00:00","open":75102.0,"high":75429.609375,"low":74762.671875,"close":75371.9765625,"volume":964886528.0},{"timestamp":"2026-04-16T20:00:00+00:00","open":75384.9375,"high":75533.6796875,"low":75020.96875,"close":75245.9921875,"volume":128495616.0},{"timestamp":"2026-04-16T21:00:00+00:00","open":75252.2109375,"high":75300.0,"low":74827.8125,"close":74956.6015625,"volume":121356288.0},{"timestamp":"2026-04-16T22:00:00+00:00","open":74966.2578125,"high":75139.453125,"low":74853.75,"close":74888.609375,"volume":0.0},{"timestamp":"2026-04-16T23:00:00+00:00","open":74866.40625,"high":75198.4609375,"low":74847.96875,"close":75163.09375,"volume":0.0},{"timestamp":"2026-04-17T00:00:00+00:00","open":75160.203125,"high":75179.8515625,"low":74905.90625,"close":74955.9921875,"volume":0.0},{"timestamp":"2026-04-17T01:00:00+00:00","open":74960.6171875,"high":75061.3515625,"low":74594.4765625,"close":74763.890625,"volume":51539968.0},{"timestamp":"2026-04-17T02:00:00+00:00","open":74759.859375,"high":74830.8984375,"low":74562.671875,"close":74730.1328125,"volume":0.0},{"timestamp":"2026-04-17T03:00:00+00:00","open":74724.9921875,"high":74860.109375,"low":74629.7578125,"close":74633.1484375,"volume":0.0},{"timestamp":"2026-04-17T04:00:00+00:00","open":74633.15625,"high":74867.9375,"low":74611.78125,"close":74810.0078125,"volume":0.0},{"timestamp":"2026-04-17T05:00:00+00:00","open":74810.0,"high":74823.109375,"low":74575.0,"close":74656.5625,"volume":0.0},{"timestamp":"2026-04-17T06:00:00+00:00","open":74645.0234375,"high":74960.90625,"low":74614.46875,"close":74921.2421875,"volume":0.0},{"timestamp":"2026-04-17T07:00:00+00:00","open":74960.9609375,"high":75118.859375,"low":74954.7421875,"close":75069.6875,"volume":61296640.0},{"timestamp":"2026-04-17T08:00:00+00:00","open":75095.40625,"high":75888.75,"low":75015.359375,"close":75789.9921875,"volume":619696128.0},{"timestamp":"2026-04-17T09:00:00+00:00","open":75821.9765625,"high":76370.0,"low":75551.25,"close":75811.4765625,"volume":2566205440.0},{"timestamp":"2026-04-17T10:00:00+00:00","open":75811.453125,"high":75907.140625,"low":75124.2265625,"close":75301.109375,"volume":1024786432.0},{"timestamp":"2026-04-17T11:00:00+00:00","open":75292.5078125,"high":75633.75,"low":75273.75,"close":75622.578125,"volume":0.0},{"timestamp":"2026-04-17T12:00:00+00:00","open":75661.6484375,"high":76298.359375,"low":75558.0,"close":76294.609375,"volume":779100160.0},{"timestamp":"2026-04-17T13:00:00+00:00","open":76260.0,"high":77453.2265625,"low":76100.0078125,"close":77388.0,"volume":5033406464.0},{"timestamp":"2026-04-17T14:00:00+00:00","open":77434.4609375,"high":78142.9765625,"low":77065.90625,"close":77977.75,"volume":3173928960.0},{"timestamp":"2026-04-17T15:00:00+00:00","open":77977.5078125,"high":78060.0234375,"low":77497.6015625,"close":77843.2734375,"volume":1281085440.0},{"timestamp":"2026-04-17T16:00:00+00:00","open":77836.21875,"high":78340.0390625,"low":77785.25,"close":77907.2734375,"volume":778620928.0},{"timestamp":"2026-04-17T17:00:00+00:00","open":77898.7578125,"high":77955.0078125,"low":77152.5,"close":77563.5078125,"volume":973885440.0},{"timestamp":"2026-04-17T18:00:00+00:00","open":77576.25,"high":77602.4765625,"low":77122.5,"close":77206.0,"volume":126701568.0},{"timestamp":"2026-04-17T19:00:00+00:00","open":77210.1328125,"high":77524.0625,"low":77063.2578125,"close":77517.8671875,"volume":0.0},{"timestamp":"2026-04-17T20:00:00+00:00","open":77463.8828125,"high":77648.453125,"low":77188.65625,"close":77366.96875,"volume":0.0},{"timestamp":"2026-04-17T21:00:00+00:00","open":77373.2734375,"high":77531.2421875,"low":77310.0,"close":77475.0,"volume":0.0},{"timestamp":"2026-04-17T22:00:00+00:00","open":77473.1328125,"high":77551.5234375,"low":77297.9765625,"close":77339.9375,"volume":221704192.0},{"timestamp":"2026-04-17T23:00:00+00:00","open":77328.0078125,"high":77336.2421875,"low":76941.9921875,"close":77098.0078125,"volume":344924160.0},{"timestamp":"2026-04-18T00:00:00+00:00","open":77073.75,"high":77287.4609375,"low":77010.0,"close":77196.0,"volume":0.0},{"timestamp":"2026-04-18T01:00:00+00:00","open":77216.2421875,"high":77364.7421875,"low":77148.7734375,"close":77251.96875,"volume":0.0},{"timestamp":"2026-04-18T02:00:00+00:00","open":77251.96875,"high":77447.4296875,"low":77154.2890625,"close":77323.5078125,"volume":0.0},{"timestamp":"2026-04-18T03:00:00+00:00","open":77321.2421875,"high":77328.75,"low":77001.3125,"close":77040.0,"volume":0.0},{"timestamp":"2026-04-18T04:00:00+00:00","open":77025.9921875,"high":77197.5,"low":76926.9296875,"close":77148.75,"volume":402907136.0},{"timestamp":"2026-04-18T05:00:00+00:00","open":77144.0234375,"high":77295.0078125,"low":77144.0078125,"close":77168.2890625,"volume":52015104.0},{"timestamp":"2026-04-18T06:00:00+00:00","open":77168.296875,"high":77253.75,"low":77091.0,"close":77160.0078125,"volume":0.0},{"timestamp":"2026-04-18T07:00:00+00:00","open":77136.328125,"high":77162.0234375,"low":76923.078125,"close":77020.0078125,"volume":0.0},{"timestamp":"2026-04-18T08:00:00+00:00","open":77020.0234375,"high":77070.390625,"low":76534.0234375,"close":76760.0234375,"volume":0.0},{"timestamp":"2026-04-18T09:00:00+00:00","open":76732.5,"high":76743.7421875,"low":76450.15625,"close":76631.2578125,"volume":0.0},{"timestamp":"2026-04-18T10:00:00+00:00","open":76631.2578125,"high":76631.2578125,"low":76170.71875,"close":76222.4921875,"volume":0.0},{"timestamp":"2026-04-18T11:00:00+00:00","open":76222.5,"high":76222.5,"low":75798.75,"close":76069.4609375,"volume":0.0},{"timestamp":"2026-04-18T12:00:00+00:00","open":76074.796875,"high":76323.7421875,"low":76070.9921875,"close":76239.7578125,"volume":0.0},{"timestamp":"2026-04-18T13:00:00+00:00","open":76230.828125,"high":76248.7421875,"low":75839.9921875,"close":76148.640625,"volume":0.0},{"timestamp":"2026-04-18T14:00:00+00:00","open":76150.0078125,"high":76314.09375,"low":76008.7578125,"close":76280.609375,"volume":0.0},{"timestamp":"2026-04-18T15:00:00+00:00","open":76282.1875,"high":76361.2578125,"low":76050.1328125,"close":76191.71875,"volume":0.0},{"timestamp":"2026-04-18T16:00:00+00:00","open":76173.09375,"high":76249.9765625,"low":75823.03125,"close":75968.1171875,"volume":0.0},{"timestamp":"2026-04-18T17:00:00+00:00","open":75955.4765625,"high":75982.5234375,"low":75818.1796875,"close":75852.1328125,"volume":0.0},{"timestamp":"2026-04-18T18:00:00+00:00","open":75842.0078125,"high":75886.8984375,"low":75482.96875,"close":75672.4375,"volume":0.0},{"timestamp":"2026-04-18T19:00:00+00:00","open":75653.71875,"high":75828.6875,"low":75607.84375,"close":75678.90625,"volume":0.0},{"timestamp":"2026-04-18T20:00:00+00:00","open":75688.59375,"high":75875.828125,"low":75633.6796875,"close":75784.9375,"volume":0.0},{"timestamp":"2026-04-18T21:00:00+00:00","open":75779.0390625,"high":75875.828125,"low":75632.671875,"close":75854.5703125,"volume":0.0},{"timestamp":"2026-04-18T22:00:00+00:00","open":75827.4921875,"high":75914.6796875,"low":75644.1171875,"close":75846.96875,"volume":0.0},{"timestamp":"2026-04-18T23:00:00+00:00","open":75861.0390625,"high":75921.9765625,"low":75730.578125,"close":75730.578125,"volume":0.0},{"timestamp":"2026-04-19T00:00:00+00:00","open":75736.0,"high":75884.0078125,"low":75590.171875,"close":75705.21875,"volume":0.0},{"timestamp":"2026-04-19T01:00:00+00:00","open":75708.0078125,"high":75820.0,"low":75500.0,"close":75652.1015625,"volume":129032192.0},{"timestamp":"2026-04-19T02:00:00+00:00","open":75643.671875,"high":75741.3515625,"low":75452.0,"close":75523.859375,"volume":53024768.0},{"timestamp":"2026-04-19T03:00:00+00:00","open":75523.859375,"high":75668.0,"low":75398.8671875,"close":75549.65625,"volume":71456768.0},{"timestamp":"2026-04-19T04:00:00+00:00","open":75546.4921875,"high":75798.40625,"low":75454.6171875,"close":75700.0078125,"volume":0.0},{"timestamp":"2026-04-19T05:00:00+00:00","open":75695.0625,"high":75723.8828125,"low":75549.6796875,"close":75580.0234375,"volume":0.0},{"timestamp":"2026-04-19T06:00:00+00:00","open":75580.0078125,"high":75580.0078125,"low":75325.0,"close":75429.75,"volume":337053696.0},{"timestamp":"2026-04-19T07:00:00+00:00","open":75426.9609375,"high":75434.921875,"low":74955.546875,"close":75291.1171875,"volume":855674880.0},{"timestamp":"2026-04-19T08:00:00+00:00","open":75265.0,"high":75336.5234375,"low":75113.953125,"close":75293.171875,"volume":0.0},{"timestamp":"2026-04-19T09:00:00+00:00","open":75292.5390625,"high":75301.4921875,"low":74963.3828125,"close":75055.421875,"volume":0.0},{"timestamp":"2026-04-19T10:00:00+00:00","open":75055.421875,"high":75272.5625,"low":74974.7734375,"close":75246.09375,"volume":0.0},{"timestamp":"2026-04-19T11:00:00+00:00","open":75246.09375,"high":75653.0625,"low":75242.0234375,"close":75637.5234375,"volume":0.0},{"timestamp":"2026-04-19T12:00:00+00:00","open":75652.3125,"high":75730.4921875,"low":75480.0,"close":75611.90625,"volume":0.0},{"timestamp":"2026-04-19T13:00:00+00:00","open":75588.4609375,"high":76257.0703125,"low":75588.3515625,"close":75963.1328125,"volume":582748160.0},{"timestamp":"2026-04-19T14:00:00+00:00","open":75963.1328125,"high":76180.578125,"low":75707.9765625,"close":76064.9609375,"volume":266915840.0},{"timestamp":"2026-04-19T15:00:00+00:00","open":76062.84375,"high":76187.9921875,"low":75450.4765625,"close":75885.6171875,"volume":1075015680.0},{"timestamp":"2026-04-19T16:00:00+00:00","open":75885.6171875,"high":75893.6328125,"low":75356.0078125,"close":75416.0078125,"volume":0.0},{"timestamp":"2026-04-19T17:00:00+00:00","open":75419.3515625,"high":75419.3515625,"low":74707.9921875,"close":74820.8515625,"volume":425570304.0},{"timestamp":"2026-04-19T18:00:00+00:00","open":74793.8828125,"high":74910.171875,"low":74641.4765625,"close":74806.7109375,"volume":642525184.0},{"timestamp":"2026-04-19T19:00:00+00:00","open":74813.2578125,"high":75110.421875,"low":74813.2578125,"close":74985.0390625,"volume":272711680.0},{"timestamp":"2026-04-19T20:00:00+00:00","open":74985.0390625,"high":74985.0390625,"low":74493.4765625,"close":74662.5625,"volume":0.0},{"timestamp":"2026-04-19T21:00:00+00:00","open":74662.5625,"high":74842.3203125,"low":74407.84375,"close":74461.203125,"volume":505593856.0},{"timestamp":"2026-04-19T22:00:00+00:00","open":74423.9921875,"high":74438.578125,"low":73802.578125,"close":74072.5390625,"volume":2095738880.0},{"timestamp":"2026-04-19T23:00:00+00:00","open":74076.8125,"high":74076.8125,"low":73815.203125,"close":73815.203125,"volume":628639744.0},{"timestamp":"2026-04-20T00:00:00+00:00","open":73830.0,"high":74382.15625,"low":73772.9609375,"close":74305.296875,"volume":972533760.0},{"timestamp":"2026-04-20T01:00:00+00:00","open":74314.6796875,"high":74772.3515625,"low":74239.796875,"close":74621.4296875,"volume":524847104.0},{"timestamp":"2026-04-20T02:00:00+00:00","open":74623.9921875,"high":74654.9375,"low":74337.390625,"close":74439.90625,"volume":387602432.0},{"timestamp":"2026-04-20T03:00:00+00:00","open":74448.2734375,"high":74672.9609375,"low":74390.1328125,"close":74665.6171875,"volume":237033472.0},{"timestamp":"2026-04-20T04:00:00+00:00","open":74666.078125,"high":74669.1875,"low":74469.0390625,"close":74593.59375,"volume":0.0},{"timestamp":"2026-04-20T05:00:00+00:00","open":74567.78125,"high":74586.0703125,"low":74136.9375,"close":74297.921875,"volume":346931200.0},{"timestamp":"2026-04-20T06:00:00+00:00","open":74315.828125,"high":74910.15625,"low":74283.5390625,"close":74820.1796875,"volume":234817536.0},{"timestamp":"2026-04-20T07:00:00+00:00","open":74873.421875,"high":75582.0078125,"low":74694.3671875,"close":74860.0234375,"volume":489672704.0},{"timestamp":"2026-04-20T08:00:00+00:00","open":74860.3828125,"high":75026.953125,"low":74650.28125,"close":74758.0078125,"volume":597123072.0},{"timestamp":"2026-04-20T09:00:00+00:00","open":74745.359375,"high":75269.5234375,"low":74726.109375,"close":75100.4375,"volume":463020032.0},{"timestamp":"2026-04-20T10:00:00+00:00","open":75130.3828125,"high":75436.03125,"low":75042.171875,"close":75068.6875,"volume":41537536.0},{"timestamp":"2026-04-20T11:00:00+00:00","open":75068.7265625,"high":75318.2578125,"low":75000.2890625,"close":75232.7265625,"volume":0.0},{"timestamp":"2026-04-20T12:00:00+00:00","open":75222.8984375,"high":75669.0078125,"low":75111.2578125,"close":75322.8671875,"volume":466120704.0},{"timestamp":"2026-04-20T13:00:00+00:00","open":75349.9296875,"high":75467.28125,"low":74945.171875,"close":75316.890625,"volume":71524352.0},{"timestamp":"2026-04-20T14:00:00+00:00","open":75300.0,"high":75765.2109375,"low":74961.1171875,"close":75071.84375,"volume":1182838784.0},{"timestamp":"2026-04-20T15:00:00+00:00","open":75090.75,"high":75758.078125,"low":74735.7421875,"close":75750.0,"volume":651075584.0},{"timestamp":"2026-04-20T16:00:00+00:00","open":75753.1484375,"high":75753.1484375,"low":75328.75,"close":75378.7890625,"volume":407003136.0},{"timestamp":"2026-04-20T17:00:00+00:00","open":75391.21875,"high":75998.1484375,"low":75322.359375,"close":75937.3125,"volume":0.0},{"timestamp":"2026-04-20T18:00:00+00:00","open":75954.421875,"high":76489.0625,"low":75953.3671875,"close":76455.671875,"volume":623157248.0},{"timestamp":"2026-04-20T19:00:00+00:00","open":76483.3671875,"high":76528.0078125,"low":76184.859375,"close":76330.9375,"volume":1873649664.0},{"timestamp":"2026-04-20T20:00:00+00:00","open":76311.109375,"high":76590.0,"low":76162.3125,"close":76317.28125,"volume":1115488256.0},{"timestamp":"2026-04-20T21:00:00+00:00","open":76330.0,"high":76405.7265625,"low":75816.0,"close":75988.0078125,"volume":287932416.0},{"timestamp":"2026-04-20T22:00:00+00:00","open":76054.0,"high":76180.578125,"low":75933.0234375,"close":76004.671875,"volume":0.0},{"timestamp":"2026-04-20T23:00:00+00:00","open":75912.7734375,"high":75937.7265625,"low":75655.9921875,"close":75875.0390625,"volume":0.0},{"timestamp":"2026-04-21T00:00:00+00:00","open":75876.890625,"high":76129.828125,"low":75724.8203125,"close":76128.1015625,"volume":0.0},{"timestamp":"2026-04-21T01:00:00+00:00","open":76086.0,"high":76270.1875,"low":75906.0234375,"close":75955.0625,"volume":0.0},{"timestamp":"2026-04-21T02:00:00+00:00","open":75955.0703125,"high":75958.9375,"low":75612.0,"close":75613.75,"volume":0.0},{"timestamp":"2026-04-21T03:00:00+00:00","open":75613.75,"high":75747.390625,"low":75520.0,"close":75740.578125,"volume":0.0},{"timestamp":"2026-04-21T04:00:00+00:00","open":75755.7734375,"high":75850.7109375,"low":75633.28125,"close":75840.578125,"volume":0.0},{"timestamp":"2026-04-21T05:00:00+00:00","open":75840.0078125,"high":76010.640625,"low":75815.0,"close":75835.7734375,"volume":0.0},{"timestamp":"2026-04-21T06:00:00+00:00","open":75835.7734375,"high":76146.0,"low":75731.171875,"close":76001.828125,"volume":0.0},{"timestamp":"2026-04-21T07:00:00+00:00","open":76007.7890625,"high":76323.5390625,"low":75851.7421875,"close":76118.09375,"volume":52444172288.0},{"timestamp":"2026-04-21T08:00:00+00:00","open":76125.6328125,"high":76879.34375,"low":76114.59375,"close":76545.65625,"volume":467214336.0},{"timestamp":"2026-04-21T09:00:00+00:00","open":76545.609375,"high":76596.4921875,"low":76192.3828125,"close":76388.3984375,"volume":0.0},{"timestamp":"2026-04-21T10:00:00+00:00","open":76382.4609375,"high":76905.171875,"low":76382.4609375,"close":76775.1171875,"volume":294772736.0},{"timestamp":"2026-04-21T11:00:00+00:00","open":76786.953125,"high":76789.328125,"low":76370.0078125,"close":76478.6171875,"volume":612114432.0},{"timestamp":"2026-04-21T12:00:00+00:00","open":76489.0,"high":76548.7734375,"low":75749.3515625,"close":76044.5625,"volume":274640896.0},{"timestamp":"2026-04-21T13:00:00+00:00","open":76051.25,"high":76198.609375,"low":75752.8203125,"close":75922.0,"volume":29853859840.0},{"timestamp":"2026-04-21T14:00:00+00:00","open":75936.9609375,"high":76595.0,"low":75658.9765625,"close":75687.4765625,"volume":0.0},{"timestamp":"2026-04-21T15:00:00+00:00","open":75694.4375,"high":75999.3203125,"low":75438.703125,"close":75849.703125,"volume":0.0},{"timestamp":"2026-04-21T16:00:00+00:00","open":75869.71875,"high":76191.2578125,"low":75772.890625,"close":75794.9921875,"volume":0.0},{"timestamp":"2026-04-21T17:00:00+00:00","open":75782.5234375,"high":75863.9921875,"low":75107.1796875,"close":75567.2578125,"volume":0.0},{"timestamp":"2026-04-21T18:00:00+00:00","open":75541.953125,"high":75664.9921875,"low":75319.203125,"close":75622.7890625,"volume":0.0},{"timestamp":"2026-04-21T19:00:00+00:00","open":75633.7578125,"high":75909.4921875,"low":74825.9921875,"close":75019.9921875,"volume":0.0},{"timestamp":"2026-04-21T20:00:00+00:00","open":75004.3671875,"high":75868.90625,"low":74989.5390625,"close":75743.71875,"volume":0.0},{"timestamp":"2026-04-21T21:00:00+00:00","open":75740.6796875,"high":75796.6796875,"low":75469.859375,"close":75565.0078125,"volume":0.0},{"timestamp":"2026-04-21T22:00:00+00:00","open":75566.6328125,"high":75662.140625,"low":75325.1484375,"close":75662.0078125,"volume":115748864.0},{"timestamp":"2026-04-21T23:00:00+00:00","open":75645.0,"high":76437.2578125,"low":75645.0,"close":76356.0,"volume":343629824.0},{"timestamp":"2026-04-22T00:00:00+00:00","open":76370.0,"high":76519.0703125,"low":76234.0078125,"close":76337.15625,"volume":11161600.0},{"timestamp":"2026-04-22T01:00:00+00:00","open":76370.578125,"high":76432.9375,"low":76148.109375,"close":76316.7890625,"volume":16044032.0},{"timestamp":"2026-04-22T02:00:00+00:00","open":76334.9296875,"high":77662.0703125,"low":76244.03125,"close":77626.0078125,"volume":1683529728.0},{"timestamp":"2026-04-22T03:00:00+00:00","open":77627.359375,"high":77746.8828125,"low":77430.0,"close":77541.546875,"volume":1451786240.0},{"timestamp":"2026-04-22T04:00:00+00:00","open":77547.9921875,"high":77715.9765625,"low":77384.0703125,"close":77536.0,"volume":753033216.0},{"timestamp":"2026-04-22T05:00:00+00:00","open":77552.03125,"high":78433.8984375,"low":77463.9921875,"close":77991.9296875,"volume":2779820032.0},{"timestamp":"2026-04-22T06:00:00+00:00","open":77983.296875,"high":78048.9296875,"low":77914.9765625,"close":78024.40625,"volume":737804288.0},{"timestamp":"2026-04-22T07:00:00+00:00","open":78028.9765625,"high":78128.0,"low":77844.2109375,"close":78007.6875,"volume":11460608.0},{"timestamp":"2026-04-22T08:00:00+00:00","open":78044.2890625,"high":78220.03125,"low":77960.0,"close":78029.6875,"volume":65699840.0},{"timestamp":"2026-04-22T09:00:00+00:00","open":77993.9765625,"high":78202.1484375,"low":77971.296875,"close":78035.796875,"volume":18178048.0},{"timestamp":"2026-04-22T10:00:00+00:00","open":78015.5625,"high":78193.2109375,"low":77967.6796875,"close":78186.5625,"volume":60895232.0},{"timestamp":"2026-04-22T11:00:00+00:00","open":78193.953125,"high":78385.53125,"low":78120.0078125,"close":78322.546875,"volume":0.0},{"timestamp":"2026-04-22T12:00:00+00:00","open":78329.0,"high":78514.7890625,"low":78146.8828125,"close":78262.8984375,"volume":142364672.0},{"timestamp":"2026-04-22T13:00:00+00:00","open":78252.359375,"high":78887.4375,"low":78204.1015625,"close":78887.4375,"volume":1212329984.0},{"timestamp":"2026-04-22T14:00:00+00:00","open":78897.609375,"high":79178.859375,"low":78625.9765625,"close":79077.25,"volume":1833050112.0},{"timestamp":"2026-04-22T15:00:00+00:00","open":79094.859375,"high":79450.0,"low":78882.671875,"close":79325.3828125,"volume":864710656.0},{"timestamp":"2026-04-22T16:00:00+00:00","open":79371.9296875,"high":79500.0078125,"low":78697.96875,"close":78777.3671875,"volume":912244736.0},{"timestamp":"2026-04-22T17:00:00+00:00","open":78782.4609375,"high":79078.359375,"low":78724.7265625,"close":78923.0,"volume":0.0},{"timestamp":"2026-04-22T18:00:00+00:00","open":78945.21875,"high":79198.8984375,"low":78857.0390625,"close":79062.4609375,"volume":0.0},{"timestamp":"2026-04-22T19:00:00+00:00","open":79000.5390625,"high":79106.3984375,"low":78740.90625,"close":78891.9765625,"volume":0.0},{"timestamp":"2026-04-22T20:00:00+00:00","open":78918.5234375,"high":78946.3828125,"low":78440.0,"close":78459.8203125,"volume":0.0},{"timestamp":"2026-04-22T21:00:00+00:00","open":78447.0234375,"high":78858.2421875,"low":78447.0234375,"close":78794.7578125,"volume":537243648.0},{"timestamp":"2026-04-22T22:00:00+00:00","open":78785.2421875,"high":78865.078125,"low":78487.28125,"close":78642.8984375,"volume":55644160.0},{"timestamp":"2026-04-22T23:00:00+00:00","open":78623.9765625,"high":78635.6015625,"low":78184.0078125,"close":78208.546875,"volume":77496320.0},{"timestamp":"2026-04-23T00:00:00+00:00","open":78208.5390625,"high":78605.0,"low":77628.0703125,"close":78449.546875,"volume":433913856.0},{"timestamp":"2026-04-23T01:00:00+00:00","open":78442.1484375,"high":78469.1484375,"low":78098.3828125,"close":78382.9921875,"volume":1216458752.0},{"timestamp":"2026-04-23T02:00:00+00:00","open":78387.390625,"high":78387.390625,"low":77789.59375,"close":77967.4609375,"volume":0.0},{"timestamp":"2026-04-23T03:00:00+00:00","open":77969.6015625,"high":78050.4375,"low":77536.0078125,"close":77778.0,"volume":122421248.0},{"timestamp":"2026-04-23T04:00:00+00:00","open":77748.6484375,"high":77963.8515625,"low":77698.703125,"close":77935.4609375,"volume":0.0},{"timestamp":"2026-04-23T05:00:00+00:00","open":77944.0,"high":78112.0,"low":77800.03125,"close":78027.90625,"volume":0.0},{"timestamp":"2026-04-23T06:00:00+00:00","open":78066.1875,"high":78370.4921875,"low":78066.1875,"close":78240.0078125,"volume":0.0},{"timestamp":"2026-04-23T07:00:00+00:00","open":78259.9921875,"high":78281.7734375,"low":78006.6171875,"close":78086.140625,"volume":0.0},{"timestamp":"2026-04-23T08:00:00+00:00","open":78086.140625,"high":78204.3125,"low":77748.0234375,"close":77877.34375,"volume":0.0},{"timestamp":"2026-04-23T09:00:00+00:00","open":77877.3515625,"high":77887.46875,"low":77467.7578125,"close":77675.1875,"volume":659345408.0},{"timestamp":"2026-04-23T10:00:00+00:00","open":77672.0078125,"high":77737.90625,"low":77216.890625,"close":77425.90625,"volume":1208832000.0},{"timestamp":"2026-04-23T11:00:00+00:00","open":77463.3515625,"high":77768.8671875,"low":77407.78125,"close":77722.2890625,"volume":0.0},{"timestamp":"2026-04-23T12:00:00+00:00","open":77722.328125,"high":77904.1015625,"low":77609.4765625,"close":77904.1015625,"volume":0.0},{"timestamp":"2026-04-23T13:00:00+00:00","open":77894.0078125,"high":77943.671875,"low":77422.5,"close":77558.5,"volume":0.0},{"timestamp":"2026-04-23T14:00:00+00:00","open":77514.6796875,"high":78238.5703125,"low":77446.3671875,"close":78216.578125,"volume":0.0},{"timestamp":"2026-04-23T15:00:00+00:00","open":78214.4375,"high":78716.328125,"low":78012.046875,"close":78413.1796875,"volume":30183424.0},{"timestamp":"2026-04-23T16:00:00+00:00","open":78420.7265625,"high":78544.65625,"low":78068.0,"close":78128.6015625,"volume":0.0},{"timestamp":"2026-04-23T17:00:00+00:00","open":78142.15625,"high":78218.53125,"low":76986.296875,"close":77796.421875,"volume":1466310656.0},{"timestamp":"2026-04-23T18:00:00+00:00","open":77766.953125,"high":78172.6875,"low":77713.9765625,"close":77739.09375,"volume":388833280.0},{"timestamp":"2026-04-23T19:00:00+00:00","open":77698.0625,"high":77922.2109375,"low":77629.25,"close":77743.15625,"volume":236609536.0},{"timestamp":"2026-04-23T20:00:00+00:00","open":77732.5390625,"high":78070.3984375,"low":77669.8984375,"close":77906.1015625,"volume":0.0},{"timestamp":"2026-04-23T21:00:00+00:00","open":77906.6015625,"high":78091.9609375,"low":77811.0,"close":77901.0390625,"volume":0.0},{"timestamp":"2026-04-23T22:00:00+00:00","open":77912.2734375,"high":78366.1875,"low":77912.2734375,"close":78262.2421875,"volume":0.0},{"timestamp":"2026-04-23T23:00:00+00:00","open":78220.046875,"high":78327.0,"low":78051.8125,"close":78281.3203125,"volume":0.0},{"timestamp":"2026-04-24T00:00:00+00:00","open":78320.3828125,"high":78516.328125,"low":78197.1796875,"close":78439.5625,"volume":0.0},{"timestamp":"2026-04-24T01:00:00+00:00","open":78447.9765625,"high":78483.0703125,"low":77989.8125,"close":78465.1328125,"volume":0.0},{"timestamp":"2026-04-24T02:00:00+00:00","open":78442.6484375,"high":78570.0234375,"low":78108.0234375,"close":78154.1015625,"volume":0.0},{"timestamp":"2026-04-24T03:00:00+00:00","open":78166.4765625,"high":78215.0234375,"low":77590.5078125,"close":77755.390625,"volume":29274112.0},{"timestamp":"2026-04-24T04:00:00+00:00","open":77744.90625,"high":77871.9296875,"low":77532.0078125,"close":77682.90625,"volume":117673984.0},{"timestamp":"2026-04-24T05:00:00+00:00","open":77673.6015625,"high":78039.390625,"low":77465.8984375,"close":77974.2890625,"volume":0.0},{"timestamp":"2026-04-24T06:00:00+00:00","open":77992.1328125,"high":77999.1015625,"low":77786.2890625,"close":77813.1171875,"volume":0.0},{"timestamp":"2026-04-24T07:00:00+00:00","open":77805.0,"high":77878.203125,"low":77568.4375,"close":77676.9609375,"volume":466751488.0},{"timestamp":"2026-04-24T08:00:00+00:00","open":77676.9609375,"high":78029.9765625,"low":77593.203125,"close":77808.7265625,"volume":0.0},{"timestamp":"2026-04-24T09:00:00+00:00","open":77811.4296875,"high":77826.0703125,"low":77436.0,"close":77551.890625,"volume":0.0},{"timestamp":"2026-04-24T10:00:00+00:00","open":77528.6171875,"high":77798.3125,"low":77457.2109375,"close":77762.453125,"volume":0.0},{"timestamp":"2026-04-24T11:00:00+00:00","open":77776.0234375,"high":78395.2734375,"low":77762.4375,"close":78256.09375,"volume":1137606656.0},{"timestamp":"2026-04-24T12:00:00+00:00","open":78272.96875,"high":78377.046875,"low":78056.8828125,"close":78290.6484375,"volume":0.0},{"timestamp":"2026-04-24T13:00:00+00:00","open":78290.640625,"high":78447.7578125,"low":77922.9609375,"close":78107.859375,"volume":300425216.0},{"timestamp":"2026-04-24T14:00:00+00:00","open":78067.28125,"high":78096.0078125,"low":77704.1875,"close":78074.15625,"volume":260997120.0},{"timestamp":"2026-04-24T15:00:00+00:00","open":78057.9921875,"high":78237.5625,"low":77619.9921875,"close":78068.03125,"volume":0.0},{"timestamp":"2026-04-24T16:00:00+00:00","open":78077.078125,"high":78081.2421875,"low":77606.46875,"close":77804.0390625,"volume":34394112.0},{"timestamp":"2026-04-24T17:00:00+00:00","open":77772.296875,"high":77831.84375,"low":77502.6015625,"close":77707.1484375,"volume":0.0},{"timestamp":"2026-04-24T18:00:00+00:00","open":77691.4609375,"high":77741.890625,"low":77385.90625,"close":77637.609375,"volume":0.0},{"timestamp":"2026-04-24T19:00:00+00:00","open":77680.2265625,"high":77767.40625,"low":77556.3203125,"close":77659.71875,"volume":0.0},{"timestamp":"2026-04-24T20:00:00+00:00","open":77657.0234375,"high":77781.921875,"low":77480.0,"close":77748.6796875,"volume":0.0},{"timestamp":"2026-04-24T21:00:00+00:00","open":77748.6796875,"high":77785.0,"low":77565.453125,"close":77565.453125,"volume":263231488.0},{"timestamp":"2026-04-24T22:00:00+00:00","open":77572.0390625,"high":77650.71875,"low":77306.0625,"close":77360.0,"volume":392822784.0},{"timestamp":"2026-04-24T23:00:00+00:00","open":77368.640625,"high":77484.9765625,"low":77358.828125,"close":77461.796875,"volume":215015424.0},{"timestamp":"2026-04-25T00:00:00+00:00","open":77471.1796875,"high":77518.6015625,"low":77329.2890625,"close":77483.4375,"volume":0.0},{"timestamp":"2026-04-25T01:00:00+00:00","open":77498.0078125,"high":77645.4609375,"low":77461.0078125,"close":77559.96875,"volume":0.0},{"timestamp":"2026-04-25T02:00:00+00:00","open":77559.96875,"high":77669.53125,"low":77518.78125,"close":77639.1796875,"volume":0.0},{"timestamp":"2026-04-25T03:00:00+00:00","open":77654.5703125,"high":77736.1171875,"low":77574.6796875,"close":77674.0,"volume":0.0},{"timestamp":"2026-04-25T04:00:00+00:00","open":77699.90625,"high":77726.15625,"low":77621.8984375,"close":77641.15625,"volume":0.0},{"timestamp":"2026-04-25T05:00:00+00:00","open":77634.3203125,"high":77634.3203125,"low":77509.6796875,"close":77542.1875,"volume":0.0},{"timestamp":"2026-04-25T06:00:00+00:00","open":77545.75,"high":77609.28125,"low":77506.7109375,"close":77526.421875,"volume":0.0},{"timestamp":"2026-04-25T07:00:00+00:00","open":77510.0078125,"high":77598.0390625,"low":77470.0,"close":77532.9609375,"volume":0.0},{"timestamp":"2026-04-25T08:00:00+00:00","open":77514.2578125,"high":77686.796875,"low":77510.9375,"close":77672.6484375,"volume":0.0},{"timestamp":"2026-04-25T09:00:00+00:00","open":77686.796875,"high":77805.890625,"low":77612.0,"close":77738.1875,"volume":0.0},{"timestamp":"2026-04-25T10:00:00+00:00","open":77745.6484375,"high":77910.3515625,"low":77745.6484375,"close":77809.4765625,"volume":0.0},{"timestamp":"2026-04-25T11:00:00+00:00","open":77809.46875,"high":77809.46875,"low":77636.171875,"close":77697.3984375,"volume":0.0},{"timestamp":"2026-04-25T12:00:00+00:00","open":77704.5078125,"high":77736.953125,"low":77565.4375,"close":77575.28125,"volume":0.0},{"timestamp":"2026-04-25T13:00:00+00:00","open":77580.3671875,"high":77731.703125,"low":77580.3671875,"close":77701.359375,"volume":0.0},{"timestamp":"2026-04-25T14:00:00+00:00","open":77701.359375,"high":77768.796875,"low":77652.09375,"close":77679.9609375,"volume":0.0},{"timestamp":"2026-04-25T15:00:00+00:00","open":77679.953125,"high":77744.0234375,"low":77345.0,"close":77354.0625,"volume":0.0},{"timestamp":"2026-04-25T16:00:00+00:00","open":77332.5703125,"high":77483.4296875,"low":77199.0234375,"close":77427.6875,"volume":0.0},{"timestamp":"2026-04-25T17:00:00+00:00","open":77427.6796875,"high":77433.75,"low":77236.1328125,"close":77274.53125,"volume":0.0},{"timestamp":"2026-04-25T18:00:00+00:00","open":77242.171875,"high":77414.5625,"low":77242.171875,"close":77311.0,"volume":0.0},{"timestamp":"2026-04-25T19:00:00+00:00","open":77309.6015625,"high":77372.3515625,"low":77210.0,"close":77339.7734375,"volume":28358656.0},{"timestamp":"2026-04-25T20:00:00+00:00","open":77371.90625,"high":77506.6015625,"low":77324.5703125,"close":77497.0703125,"volume":0.0},{"timestamp":"2026-04-25T21:00:00+00:00","open":77498.2109375,"high":77555.4921875,"low":77434.25,"close":77555.4921875,"volume":0.0},{"timestamp":"2026-04-25T22:00:00+00:00","open":77548.8984375,"high":77662.2578125,"low":77519.5234375,"close":77575.2734375,"volume":0.0},{"timestamp":"2026-04-25T23:00:00+00:00","open":77577.96875,"high":77666.4765625,"low":77545.7734375,"close":77650.7109375,"volume":643072.0},{"timestamp":"2026-04-26T00:00:00+00:00","open":77650.7265625,"high":77663.84375,"low":77468.3984375,"close":77520.34375,"volume":0.0},{"timestamp":"2026-04-26T01:00:00+00:00","open":77544.75,"high":77591.6796875,"low":77471.8515625,"close":77477.4609375,"volume":0.0},{"timestamp":"2026-04-26T02:00:00+00:00","open":77471.8515625,"high":77620.5390625,"low":77471.84375,"close":77545.703125,"volume":0.0},{"timestamp":"2026-04-26T03:00:00+00:00","open":77544.2578125,"high":77564.5234375,"low":77346.4375,"close":77408.0078125,"volume":0.0},{"timestamp":"2026-04-26T04:00:00+00:00","open":77400.0234375,"high":77838.0078125,"low":77394.8828125,"close":77790.6328125,"volume":0.0},{"timestamp":"2026-04-26T05:00:00+00:00","open":77790.0625,"high":78212.609375,"low":77736.0,"close":78004.96875,"volume":938505216.0},{"timestamp":"2026-04-26T06:00:00+00:00","open":78025.0078125,"high":78073.90625,"low":77918.3203125,"close":78019.1875,"volume":0.0},{"timestamp":"2026-04-26T07:00:00+00:00","open":78039.6796875,"high":78146.0,"low":77985.6171875,"close":78126.3125,"volume":199276544.0},{"timestamp":"2026-04-26T08:00:00+00:00","open":78135.671875,"high":78232.84375,"low":78045.2265625,"close":78050.0078125,"volume":146167808.0},{"timestamp":"2026-04-26T09:00:00+00:00","open":78039.9375,"high":78081.28125,"low":77941.9765625,"close":78026.90625,"volume":110282752.0},{"timestamp":"2026-04-26T10:00:00+00:00","open":78018.09375,"high":78077.0625,"low":77975.4375,"close":78024.640625,"volume":0.0},{"timestamp":"2026-04-26T11:00:00+00:00","open":78024.6328125,"high":78175.84375,"low":78024.6328125,"close":78118.0,"volume":0.0},{"timestamp":"2026-04-26T12:00:00+00:00","open":78118.0078125,"high":78135.21875,"low":77787.9375,"close":77850.8125,"volume":137375744.0},{"timestamp":"2026-04-26T13:00:00+00:00","open":77851.7421875,"high":78000.0,"low":77818.109375,"close":77993.7421875,"volume":366237696.0},{"timestamp":"2026-04-26T14:00:00+00:00","open":77975.71875,"high":78189.640625,"low":77893.4375,"close":78108.3828125,"volume":190869504.0},{"timestamp":"2026-04-26T15:00:00+00:00","open":78123.0390625,"high":78146.71875,"low":78014.8125,"close":78073.1328125,"volume":0.0},{"timestamp":"2026-04-26T16:00:00+00:00","open":78084.390625,"high":78112.296875,"low":77955.8203125,"close":77955.8203125,"volume":0.0},{"timestamp":"2026-04-26T17:00:00+00:00","open":77931.3671875,"high":78077.109375,"low":77872.4765625,"close":78037.4609375,"volume":344146944.0},{"timestamp":"2026-04-26T18:00:00+00:00","open":78054.046875,"high":78330.0625,"low":78010.0,"close":78301.9921875,"volume":413807616.0},{"timestamp":"2026-04-26T19:00:00+00:00","open":78318.546875,"high":78519.9921875,"low":78050.0078125,"close":78258.0,"volume":636866560.0},{"timestamp":"2026-04-26T20:00:00+00:00","open":78274.03125,"high":78402.203125,"low":78180.0625,"close":78228.578125,"volume":237776896.0},{"timestamp":"2026-04-26T21:00:00+00:00","open":78230.078125,"high":78918.65625,"low":77891.046875,"close":78437.9609375,"volume":558198784.0},{"timestamp":"2026-04-26T22:00:00+00:00","open":78388.2890625,"high":78871.3203125,"low":78037.78125,"close":78333.2421875,"volume":2111141888.0},{"timestamp":"2026-04-26T23:00:00+00:00","open":78296.890625,"high":78874.9921875,"low":78059.0,"close":78664.640625,"volume":752857088.0},{"timestamp":"2026-04-27T00:00:00+00:00","open":78673.828125,"high":79388.0078125,"low":78425.9921875,"close":79277.9921875,"volume":1541167104.0},{"timestamp":"2026-04-27T01:00:00+00:00","open":79389.1484375,"high":79492.140625,"low":78768.59375,"close":79295.421875,"volume":2230464512.0},{"timestamp":"2026-04-27T02:00:00+00:00","open":79307.859375,"high":79313.21875,"low":79051.28125,"close":79150.0,"volume":807475200.0}