{"updated_at":"2026-05-10T09:33:55.967410+00:00","pairs":[{"pair":"BTC","config":{"pair":"BTC","lower":71853.21484375,"upper":81336.62109375,"n_levels":12,"capital_usd":1000.0,"fee_rate":0.001},"levels":[71853.2148,72667.5875,73491.1902,74324.1274,75166.5051,76018.4301,76880.0106,77751.3562,78632.5775,79523.7864,80425.0961,81336.6211],"fills":[{"timestamp":"2026-04-11T00:00:00+00:00","side":"buy","price":73491.19020268385,"qty":0.0012370066488019808,"level_idx":2,"pnl_usd":0.0},{"timestamp":"2026-04-11T00:00:00+00:00","side":"buy","price":74324.12744539171,"qty":0.0012231437358734508,"level_idx":3,"pnl_usd":0.0},{"timestamp":"2026-04-11T00:00:00+00:00","side":"buy","price":75166.50506385583,"qty":0.0012094361821380593,"level_idx":4,"pnl_usd":0.0},{"timestamp":"2026-04-11T00:00:00+00:00","side":"buy","price":76018.43005376555,"qty":0.0011958822465130317,"level_idx":5,"pnl_usd":0.0},{"timestamp":"2026-04-11T00:00:00+00:00","side":"buy","price":76880.01062348192,"qty":0.0011824802074275988,"level_idx":6,"pnl_usd":0.0},{"timestamp":"2026-04-11T00:00:00+00:00","side":"buy","price":77751.3562077821,"qty":0.0011692283626043279,"level_idx":7,"pnl_usd":0.0},{"timestamp":"2026-04-11T00:00:00+00:00","side":"buy","price":78632.57748175926,"qty":0.0011561250288429053,"level_idx":8,"pnl_usd":0.0},{"timestamp":"2026-04-11T00:00:00+00:00","side":"buy","price":79523.7863748801,"qty":0.0011431685418063441,"level_idx":9,"pnl_usd":0.0},{"timestamp":"2026-04-11T00:00:00+00:00","side":"buy","price":80425.09608520183,"qty":0.0011303572558095845,"level_idx":10,"pnl_usd":0.0},{"timestamp":"2026-04-11T09:00:00+00:00","side":"buy","price":72667.58753912461,"qty":0.0012510266817395716,"level_idx":1,"pnl_usd":0.0},{"timestamp":"2026-04-11T18:00:00+00:00","side":"sell","price":73491.19020268385,"qty":0.0012510266817395716,"level_idx":2,"pnl_usd":0.9384094674480274},{"timestamp":"2026-04-12T01:00:00+00:00","side":"buy","price":71853.21484375,"qty":0.0012652056154589504,"level_idx":0,"pnl_usd":0.0},{"timestamp":"2026-04-12T01:00:00+00:00","side":"buy","price":72667.58753912461,"qty":0.0012510266817395716,"level_idx":1,"pnl_usd":0.0},{"timestamp":"2026-04-12T01:00:00+00:00","side":"sell","price":72667.58753912461,"qty":0.0012652056154589504,"level_idx":1,"pnl_usd":0.9384094674480417},{"timestamp":"2026-04-12T02:00:00+00:00","side":"buy","price":71853.21484375,"qty":0.0012652056154589504,"level_idx":0,"pnl_usd":0.0},{"timestamp":"2026-04-13T19:00:00+00:00","side":"sell","price":72667.58753912461,"qty":0.0012652056154589504,"level_idx":1,"pnl_usd":0.9384094674480417},{"timestamp":"2026-04-13T22:00:00+00:00","side":"sell","price":74324.12744539171,"qty":0.0012370066488019808,"level_idx":3,"pnl_usd":0.9384094674480559},{"timestamp":"2026-04-13T22:00:00+00:00","side":"sell","price":73491.19020268385,"qty":0.0012510266817395716,"level_idx":2,"pnl_usd":0.9384094674480274},{"timestamp":"2026-04-14T13:00:00+00:00","side":"sell","price":75166.50506385583,"qty":0.0012231437358734508,"level_idx":4,"pnl_usd":0.9384094674480132},{"timestamp":"2026-04-14T18:00:00+00:00","side":"buy","price":74324.12744539171,"qty":0.0012231437358734508,"level_idx":3,"pnl_usd":0.0},{"timestamp":"2026-04-15T19:00:00+00:00","side":"sell","price":75166.50506385583,"qty":0.0012231437358734508,"level_idx":4,"pnl_usd":0.9384094674480132},{"timestamp":"2026-04-16T10:00:00+00:00","side":"buy","price":74324.12744539171,"qty":0.0012231437358734508,"level_idx":3,"pnl_usd":0.0},{"timestamp":"2026-04-16T13:00:00+00:00","side":"buy","price":73491.19020268385,"qty":0.0012370066488019808,"level_idx":2,"pnl_usd":0.0},{"timestamp":"2026-04-16T13:00:00+00:00","side":"sell","price":74324.12744539171,"qty":0.0012370066488019808,"level_idx":3,"pnl_usd":0.9384094674480559},{"timestamp":"2026-04-16T14:00:00+00:00","side":"buy","price":73491.19020268385,"qty":0.0012370066488019808,"level_idx":2,"pnl_usd":0.0},{"timestamp":"2026-04-16T15:00:00+00:00","side":"sell","price":74324.12744539171,"qty":0.0012370066488019808,"level_idx":3,"pnl_usd":0.9384094674480559},{"timestamp":"2026-04-16T19:00:00+00:00","side":"sell","price":75166.50506385583,"qty":0.0012231437358734508,"level_idx":4,"pnl_usd":0.9384094674480132},{"timestamp":"2026-04-17T09:00:00+00:00","side":"sell","price":76018.43005376555,"qty":0.0012094361821380593,"level_idx":5,"pnl_usd":0.9384094674480559},{"timestamp":"2026-04-17T10:00:00+00:00","side":"buy","price":75166.50506385583,"qty":0.0012094361821380593,"level_idx":4,"pnl_usd":0.0},{"timestamp":"2026-04-17T12:00:00+00:00","side":"sell","price":76018.43005376555,"qty":0.0012094361821380593,"level_idx":5,"pnl_usd":0.9384094674480559},{"timestamp":"2026-04-17T13:00:00+00:00","side":"sell","price":76880.01062348192,"qty":0.0011958822465130317,"level_idx":6,"pnl_usd":0.9384094674480417},{"timestamp":"2026-04-17T14:00:00+00:00","side":"sell","price":77751.3562077821,"qty":0.0011824802074275988,"level_idx":7,"pnl_usd":0.9384094674480417},{"timestamp":"2026-04-18T08:00:00+00:00","side":"buy","price":76880.01062348192,"qty":0.0011824802074275988,"level_idx":6,"pnl_usd":0.0},{"timestamp":"2026-04-18T11:00:00+00:00","side":"buy","price":76018.43005376555,"qty":0.0011958822465130317,"level_idx":5,"pnl_usd":0.0},{"timestamp":"2026-04-19T07:00:00+00:00","side":"buy","price":75166.50506385583,"qty":0.0012094361821380593,"level_idx":4,"pnl_usd":0.0},{"timestamp":"2026-04-19T13:00:00+00:00","side":"sell","price":76018.43005376555,"qty":0.0012094361821380593,"level_idx":5,"pnl_usd":0.9384094674480559},{"timestamp":"2026-04-19T17:00:00+00:00","side":"buy","price":75166.50506385583,"qty":0.0012094361821380593,"level_idx":4,"pnl_usd":0.0},{"timestamp":"2026-04-19T22:00:00+00:00","side":"buy","price":74324.12744539171,"qty":0.0012231437358734508,"level_idx":3,"pnl_usd":0.0},{"timestamp":"2026-04-20T07:00:00+00:00","side":"sell","price":75166.50506385583,"qty":0.0012231437358734508,"level_idx":4,"pnl_usd":0.9384094674480132},{"timestamp":"2026-04-20T18:00:00+00:00","side":"sell","price":76018.43005376555,"qty":0.0012094361821380593,"level_idx":5,"pnl_usd":0.9384094674480559},{"timestamp":"2026-04-21T10:00:00+00:00","side":"sell","price":76880.01062348192,"qty":0.0011958822465130317,"level_idx":6,"pnl_usd":0.9384094674480417},{"timestamp":"2026-04-21T12:00:00+00:00","side":"buy","price":76018.43005376555,"qty":0.0011958822465130317,"level_idx":5,"pnl_usd":0.0},{"timestamp":"2026-04-21T17:00:00+00:00","side":"buy","price":75166.50506385583,"qty":0.0012094361821380593,"level_idx":4,"pnl_usd":0.0},{"timestamp":"2026-04-21T23:00:00+00:00","side":"sell","price":76018.43005376555,"qty":0.0012094361821380593,"level_idx":5,"pnl_usd":0.9384094674480559},{"timestamp":"2026-04-22T02:00:00+00:00","side":"sell","price":76880.01062348192,"qty":0.0011958822465130317,"level_idx":6,"pnl_usd":0.9384094674480417},{"timestamp":"2026-04-22T05:00:00+00:00","side":"sell","price":77751.3562077821,"qty":0.0011824802074275988,"level_idx":7,"pnl_usd":0.9384094674480417},{"timestamp":"2026-04-22T13:00:00+00:00","side":"sell","price":78632.57748175926,"qty":0.0011692283626043279,"level_idx":8,"pnl_usd":0.9384094674480559},{"timestamp":"2026-04-23T00:00:00+00:00","side":"buy","price":77751.3562077821,"qty":0.0011692283626043279,"level_idx":7,"pnl_usd":0.0},{"timestamp":"2026-04-23T15:00:00+00:00","side":"sell","price":78632.57748175926,"qty":0.0011692283626043279,"level_idx":8,"pnl_usd":0.9384094674480559},{"timestamp":"2026-04-23T17:00:00+00:00","side":"buy","price":77751.3562077821,"qty":0.0011692283626043279,"level_idx":7,"pnl_usd":0.0},{"timestamp":"2026-04-26T21:00:00+00:00","side":"sell","price":78632.57748175926,"qty":0.0011692283626043279,"level_idx":8,"pnl_usd":0.9384094674480559},{"timestamp":"2026-04-27T05:00:00+00:00","side":"buy","price":77751.3562077821,"qty":0.0011692283626043279,"level_idx":7,"pnl_usd":0.0},{"timestamp":"2026-04-27T05:00:00+00:00","side":"sell","price":78632.57748175926,"qty":0.0011692283626043279,"level_idx":8,"pnl_usd":0.9384094674480559},{"timestamp":"2026-04-27T06:00:00+00:00","side":"buy","price":77751.3562077821,"qty":0.0011692283626043279,"level_idx":7,"pnl_usd":0.0},{"timestamp":"2026-04-27T15:00:00+00:00","side":"buy","price":76880.01062348192,"qty":0.0011824802074275988,"level_idx":6,"pnl_usd":0.0},{"timestamp":"2026-04-27T15:00:00+00:00","side":"sell","price":77751.3562077821,"qty":0.0011824802074275988,"level_idx":7,"pnl_usd":0.9384094674480417},{"timestamp":"2026-04-27T16:00:00+00:00","side":"buy","price":76880.01062348192,"qty":0.0011824802074275988,"level_idx":6,"pnl_usd":0.0},{"timestamp":"2026-04-28T13:00:00+00:00","side":"buy","price":76018.43005376555,"qty":0.0011958822465130317,"level_idx":5,"pnl_usd":0.0},{"timestamp":"2026-04-29T03:00:00+00:00","side":"sell","price":76880.01062348192,"qty":0.0011958822465130317,"level_idx":6,"pnl_usd":0.9384094674480417},{"timestamp":"2026-04-29T09:00:00+00:00","side":"sell","price":77751.3562077821,"qty":0.0011824802074275988,"level_idx":7,"pnl_usd":0.9384094674480417},{"timestamp":"2026-04-29T13:00:00+00:00","side":"buy","price":76880.01062348192,"qty":0.0011824802074275988,"level_idx":6,"pnl_usd":0.0},{"timestamp":"2026-04-29T15:00:00+00:00","side":"buy","price":76018.43005376555,"qty":0.0011958822465130317,"level_idx":5,"pnl_usd":0.0},{"timestamp":"2026-04-29T18:00:00+00:00","side":"buy","price":75166.50506385583,"qty":0.0012094361821380593,"level_idx":4,"pnl_usd":0.0},{"timestamp":"2026-04-29T18:00:00+00:00","side":"sell","price":76018.43005376555,"qty":0.0012094361821380593,"level_idx":5,"pnl_usd":0.9384094674480559},{"timestamp":"2026-05-01T03:00:00+00:00","side":"sell","price":76880.01062348192,"qty":0.0011958822465130317,"level_idx":6,"pnl_usd":0.9384094674480417},{"timestamp":"2026-05-01T12:00:00+00:00","side":"sell","price":77751.3562077821,"qty":0.0011824802074275988,"level_idx":7,"pnl_usd":0.9384094674480417},{"timestamp":"2026-05-01T13:00:00+00:00","side":"sell","price":78632.57748175926,"qty":0.0011692283626043279,"level_idx":8,"pnl_usd":0.9384094674480559},{"timestamp":"2026-05-01T20:00:00+00:00","side":"buy","price":77751.3562077821,"qty":0.0011692283626043279,"level_idx":7,"pnl_usd":0.0},{"timestamp":"2026-05-02T21:00:00+00:00","side":"sell","price":78632.57748175926,"qty":0.0011692283626043279,"level_idx":8,"pnl_usd":0.9384094674480559},{"timestamp":"2026-05-04T01:00:00+00:00","side":"sell","price":79523.7863748801,"qty":0.0011561250288429053,"level_idx":9,"pnl_usd":0.9384094674480417},{"timestamp":"2026-05-04T04:00:00+00:00","side":"sell","price":80425.09608520183,"qty":0.0011431685418063441,"level_idx":10,"pnl_usd":0.9384094674480274},{"timestamp":"2026-05-04T06:00:00+00:00","side":"buy","price":79523.7863748801,"qty":0.0011431685418063441,"level_idx":9,"pnl_usd":0.0},{"timestamp":"2026-05-04T10:00:00+00:00","side":"buy","price":78632.57748175926,"qty":0.0011561250288429053,"level_idx":8,"pnl_usd":0.0},{"timestamp":"2026-05-04T10:00:00+00:00","side":"sell","price":79523.7863748801,"qty":0.0011561250288429053,"level_idx":9,"pnl_usd":0.9384094674480417},{"timestamp":"2026-05-04T13:00:00+00:00","side":"buy","price":78632.57748175926,"qty":0.0011561250288429053,"level_idx":8,"pnl_usd":0.0},{"timestamp":"2026-05-04T14:00:00+00:00","side":"sell","price":80425.09608520183,"qty":0.0011431685418063441,"level_idx":10,"pnl_usd":0.9384094674480274},{"timestamp":"2026-05-04T14:00:00+00:00","side":"sell","price":79523.7863748801,"qty":0.0011561250288429053,"level_idx":9,"pnl_usd":0.9384094674480417},{"timestamp":"2026-05-04T15:00:00+00:00","side":"buy","price":79523.7863748801,"qty":0.0011431685418063441,"level_idx":9,"pnl_usd":0.0},{"timestamp":"2026-05-04T17:00:00+00:00","side":"sell","price":80425.09608520183,"qty":0.0011431685418063441,"level_idx":10,"pnl_usd":0.9384094674480274},{"timestamp":"2026-05-06T01:00:00+00:00","side":"sell","price":81336.62109375007,"qty":0.0011303572558095845,"level_idx":11,"pnl_usd":0.9384094674480417},{"timestamp":"2026-05-07T13:00:00+00:00","side":"buy","price":80425.09608520183,"qty":0.0011303572558095845,"level_idx":10,"pnl_usd":0.0},{"timestamp":"2026-05-07T17:00:00+00:00","side":"buy","price":79523.7863748801,"qty":0.0011431685418063441,"level_idx":9,"pnl_usd":0.0},{"timestamp":"2026-05-08T12:00:00+00:00","side":"sell","price":80425.09608520183,"qty":0.0011431685418063441,"level_idx":10,"pnl_usd":0.9384094674480274}],"round_trips":41,"total_pnl_usd":38.91,"total_fees_usd":7.59,"realized_return_pct":0.0385,"unrealized_pnl_usd":0.43,"unrealized_holdings":0.00113,"avg_holding_price":80425.1,"final_price":80808.85,"max_drawdown_pct":-0.0679,"open_buy_levels":[0,1,2,3,4,5,6,7,8,9],"equity_curve":[{"timestamp":"2026-04-11T00:00:00+00:00","equity":957.35},{"timestamp":"2026-04-11T01:00:00+00:00","equity":958.57},{"timestamp":"2026-04-11T02:00:00+00:00","equity":958.87},{"timestamp":"2026-04-11T03:00:00+00:00","equity":957.62},{"timestamp":"2026-04-11T04:00:00+00:00","equity":957.17},{"timestamp":"2026-04-11T05:00:00+00:00","equity":956.47},{"timestamp":"2026-04-11T06:00:00+00:00","equity":956.92},{"timestamp":"2026-04-11T07:00:00+00:00","equity":956.25},{"timestamp":"2026-04-11T08:00:00+00:00","equity":956.01},{"timestamp":"2026-04-11T09:00:00+00:00","equity":958.42},{"timestamp":"2026-04-11T10:00:00+00:00","equity":957.84},{"timestamp":"2026-04-11T11:00:00+00:00","equity":958.57},{"timestamp":"2026-04-11T12:00:00+00:00","equity":959.07},{"timestamp":"2026-04-11T13:00:00+00:00","equity":955.91},{"timestamp":"2026-04-11T14:00:00+00:00","equity":956.42},{"timestamp":"2026-04-11T15:00:00+00:00","equity":958.04},{"timestamp":"2026-04-11T16:00:00+00:00","equity":960.67},{"timestamp":"2026-04-11T17:00:00+00:00","equity":960.61},{"timestamp":"2026-04-11T18:00:00+00:00","equity":965.77},{"timestamp":"2026-04-11T19:00:00+00:00","equity":967.25},{"timestamp":"2026-04-11T20:00:00+00:00","equity":963.5},{"timestamp":"2026-04-11T21:00:00+00:00","equity":965.05},{"timestamp":"2026-04-11T22:00:00+00:00","equity":964.11},{"timestamp":"2026-04-11T23:00:00+00:00","equity":960.57},{"timestamp":"2026-04-12T00:00:00+00:00","equity":960.5},{"timestamp":"2026-04-12T01:00:00+00:00","equity":944.79},{"timestamp":"2026-04-12T02:00:00+00:00","equity":947.12},{"timestamp":"2026-04-12T03:00:00+00:00","equity":945.14},{"timestamp":"2026-04-12T04:00:00+00:00","equity":942.9},{"timestamp":"2026-04-12T05:00:00+00:00","equity":946.21},{"timestamp":"2026-04-12T06:00:00+00:00","equity":945.35},{"timestamp":"2026-04-12T07:00:00+00:00","equity":946.29},{"timestamp":"2026-04-12T08:00:00+00:00","equity":944.87},{"timestamp":"2026-04-12T09:00:00+00:00","equity":943.85},{"timestamp":"2026-04-12T10:00:00+00:00","equity":942.49},{"timestamp":"2026-04-12T11:00:00+00:00","equity":942.96},{"timestamp":"2026-04-12T12:00:00+00:00","equity":938.54},{"timestamp":"2026-04-12T13:00:00+00:00","equity":935.73},{"timestamp":"2026-04-12T14:00:00+00:00","equity":933.92},{"timestamp":"2026-04-12T15:00:00+00:00","equity":935.23},{"timestamp":"2026-04-12T16:00:00+00:00","equity":935.17},{"timestamp":"2026-04-12T17:00:00+00:00","equity":938.34},{"timestamp":"2026-04-12T18:00:00+00:00","equity":938.57},{"timestamp":"2026-04-12T19:00:00+00:00","equity":937.96},{"timestamp":"2026-04-12T20:00:00+00:00","equity":941.18},{"timestamp":"2026-04-12T21:00:00+00:00","equity":940.2},{"timestamp":"2026-04-12T22:00:00+00:00","equity":935.16},{"timestamp":"2026-04-12T23:00:00+00:00","equity":933.26},{"timestamp":"2026-04-13T00:00:00+00:00","equity":938.55},{"timestamp":"2026-04-13T01:00:00+00:00","equity":939.37},{"timestamp":"2026-04-13T02:00:00+00:00","equity":937.52},{"timestamp":"2026-04-13T03:00:00+00:00","equity":936.32},{"timestamp":"2026-04-13T04:00:00+00:00","equity":935.57},{"timestamp":"2026-04-13T05:00:00+00:00","equity":934.58},{"timestamp":"2026-04-13T06:00:00+00:00","equity":937.31},{"timestamp":"2026-04-13T07:00:00+00:00","equity":934.23},{"timestamp":"2026-04-13T08:00:00+00:00","equity":932.08},{"timestamp":"2026-04-13T09:00:00+00:00","equity":933.68},{"timestamp":"2026-04-13T10:00:00+00:00","equity":933.1},{"timestamp":"2026-04-13T11:00:00+00:00","equity":935.76},{"timestamp":"2026-04-13T12:00:00+00:00","equity":937.8},{"timestamp":"2026-04-13T13:00:00+00:00","equity":944.47},{"timestamp":"2026-04-13T14:00:00+00:00","equity":955.15},{"timestamp":"2026-04-13T15:00:00+00:00","equity":947.49},{"timestamp":"2026-04-13T16:00:00+00:00","equity":952.31},{"timestamp":"2026-04-13T17:00:00+00:00","equity":951.64},{"timestamp":"2026-04-13T18:00:00+00:00","equity":955.59},{"timestamp":"2026-04-13T19:00:00+00:00","equity":966.72},{"timestamp":"2026-04-13T20:00:00+00:00","equity":964.7},{"timestamp":"2026-04-13T21:00:00+00:00","equity":964.99},{"timestamp":"2026-04-13T22:00:00+00:00","equity":979.77},{"timestamp":"2026-04-13T23:00:00+00:00","equity":978.76},{"timestamp":"2026-04-14T00:00:00+00:00","equity":975.27},{"timestamp":"2026-04-14T01:00:00+00:00","equity":977.31},{"timestamp":"2026-04-14T02:00:00+00:00","equity":977.27},{"timestamp":"2026-04-14T03:00:00+00:00","equity":978.02},{"timestamp":"2026-04-14T04:00:00+00:00","equity":977.49},{"timestamp":"2026-04-14T05:00:00+00:00","equity":975.72},{"timestamp":"2026-04-14T06:00:00+00:00","equity":979.07},{"timestamp":"2026-04-14T07:00:00+00:00","equity":978.9},{"timestamp":"2026-04-14T08:00:00+00:00","equity":981.05},{"timestamp":"2026-04-14T09:00:00+00:00","equity":978.81},{"timestamp":"2026-04-14T10:00:00+00:00","equity":977.73},{"timestamp":"2026-04-14T11:00:00+00:00","equity":978.04},{"timestamp":"2026-04-14T12:00:00+00:00","equity":978.05},{"timestamp":"2026-04-14T13:00:00+00:00","equity":987.28},{"timestamp":"2026-04-14T14:00:00+00:00","equity":984.74},{"timestamp":"2026-04-14T15:00:00+00:00","equity":986.61},{"timestamp":"2026-04-14T16:00:00+00:00","equity":979.72},{"timestamp":"2026-04-14T17:00:00+00:00","equity":981.36},{"timestamp":"2026-04-14T18:00:00+00:00","equity":975.6},{"timestamp":"2026-04-14T19:00:00+00:00","equity":977.19},{"timestamp":"2026-04-14T20:00:00+00:00","equity":975.18},{"timestamp":"2026-04-14T21:00:00+00:00","equity":977.65},{"timestamp":"2026-04-14T22:00:00+00:00","equity":975.32},{"timestamp":"2026-04-14T23:00:00+00:00","equity":976.42},{"timestamp":"2026-04-15T00:00:00+00:00","equity":980.31},{"timestamp":"2026-04-15T01:00:00+00:00","equity":980.79},{"timestamp":"2026-04-15T02:00:00+00:00","equity":978.08},{"timestamp":"2026-04-15T03:00:00+00:00","equity":978.23},{"timestamp":"2026-04-15T04:00:00+00:00","equity":978.02},{"timestamp":"2026-04-15T05:00:00+00:00","equity":975.2},{"timestamp":"2026-04-15T06:00:00+00:00","equity":974.14},{"timestamp":"2026-04-15T07:00:00+00:00","equity":972.53},{"timestamp":"2026-04-15T08:00:00+00:00","equity":976.0},{"timestamp":"2026-04-15T09:00:00+00:00","equity":975.05},{"timestamp":"2026-04-15T10:00:00+00:00","equity":973.66},{"timestamp":"2026-04-15T11:00:00+00:00","equity":976.87},{"timestamp":"2026-04-15T12:00:00+00:00","equity":977.53},{"timestamp":"2026-04-15T13:00:00+00:00","equity":975.36},{"timestamp":"2026-04-15T14:00:00+00:00","equity":976.22},{"timestamp":"2026-04-15T15:00:00+00:00","equity":973.44},{"timestamp":"2026-04-15T16:00:00+00:00","equity":974.28},{"timestamp":"2026-04-15T17:00:00+00:00","equity":976.14},{"timestamp":"2026-04-15T18:00:00+00:00","equity":978.58},{"timestamp":"2026-04-15T19:00:00+00:00","equity":984.74},{"timestamp":"2026-04-15T20:00:00+00:00","equity":983.16},{"timestamp":"2026-04-15T21:00:00+00:00","equity":982.29},{"timestamp":"2026-04-15T22:00:00+00:00","equity":984.07},{"timestamp":"2026-04-15T23:00:00+00:00","equity":982.87},{"timestamp":"2026-04-16T00:00:00+00:00","equity":982.73},{"timestamp":"2026-04-16T01:00:00+00:00","equity":981.6},{"timestamp":"2026-04-16T02:00:00+00:00","equity":983.41},{"timestamp":"2026-04-16T03:00:00+00:00","equity":983.42},{"timestamp":"2026-04-16T04:00:00+00:00","equity":983.92},{"timestamp":"2026-04-16T05:00:00+00:00","equity":984.68},{"timestamp":"2026-04-16T06:00:00+00:00","equity":984.6},{"timestamp":"2026-04-16T07:00:00+00:00","equity":981.93},{"timestamp":"2026-04-16T08:00:00+00:00","equity":981.73},{"timestamp":"2026-04-16T09:00:00+00:00","equity":981.04},{"timestamp":"2026-04-16T10:00:00+00:00","equity":978.67},{"timestamp":"2026-04-16T11:00:00+00:00","equity":981.21},{"timestamp":"2026-04-16T12:00:00+00:00","equity":981.62},{"timestamp":"2026-04-16T13:00:00+00:00","equity":974.61},{"timestamp":"2026-04-16T14:00:00+00:00","equity":976.91},{"timestamp":"2026-04-16T15:00:00+00:00","equity":984.27},{"timestamp":"2026-04-16T16:00:00+00:00","equity":979.25},{"timestamp":"2026-04-16T17:00:00+00:00","equity":980.76},{"timestamp":"2026-04-16T18:00:00+00:00","equity":987.42},{"timestamp":"2026-04-16T19:00:00+00:00","equity":990.07},{"timestamp":"2026-04-16T20:00:00+00:00","equity":989.04},{"timestamp":"2026-04-16T21:00:00+00:00","equity":986.67},{"timestamp":"2026-04-16T22:00:00+00:00","equity":986.11},{"timestamp":"2026-04-16T23:00:00+00:00","equity":988.36},{"timestamp":"2026-04-17T00:00:00+00:00","equity":986.66},{"timestamp":"2026-04-17T01:00:00+00:00","equity":985.09},{"timestamp":"2026-04-17T02:00:00+00:00","equity":984.8},{"timestamp":"2026-04-17T03:00:00+00:00","equity":984.02},{"timestamp":"2026-04-17T04:00:00+00:00","equity":985.47},{"timestamp":"2026-04-17T05:00:00+00:00","equity":984.21},{"timestamp":"2026-04-17T06:00:00+00:00","equity":986.73},{"timestamp":"2026-04-17T07:00:00+00:00","equity":987.73},{"timestamp":"2026-04-17T08:00:00+00:00","equity":993.47},{"timestamp":"2026-04-17T09:00:00+00:00","equity":993.82},{"timestamp":"2026-04-17T10:00:00+00:00","equity":990.44},{"timestamp":"2026-04-17T11:00:00+00:00","equity":993.06},{"timestamp":"2026-04-17T12:00:00+00:00","equity":998.14},{"timestamp":"2026-04-17T13:00:00+00:00","equity":1005.05},{"timestamp":"2026-04-17T14:00:00+00:00","equity":1008.12},{"timestamp":"2026-04-17T15:00:00+00:00","equity":1007.47},{"timestamp":"2026-04-17T16:00:00+00:00","equity":1007.79},{"timestamp":"2026-04-17T17:00:00+00:00","equity":1006.23},{"timestamp":"2026-04-17T18:00:00+00:00","equity":1004.53},{"timestamp":"2026-04-17T19:00:00+00:00","equity":1005.98},{"timestamp":"2026-04-17T20:00:00+00:00","equity":1005.36},{"timestamp":"2026-04-17T21:00:00+00:00","equity":1005.8},{"timestamp":"2026-04-17T22:00:00+00:00","equity":1005.18},{"timestamp":"2026-04-17T23:00:00+00:00","equity":1004.07},{"timestamp":"2026-04-18T00:00:00+00:00","equity":1004.52},{"timestamp":"2026-04-18T01:00:00+00:00","equity":1004.77},{"timestamp":"2026-04-18T02:00:00+00:00","equity":1005.09},{"timestamp":"2026-04-18T03:00:00+00:00","equity":1003.78},{"timestamp":"2026-04-18T04:00:00+00:00","equity":1004.3},{"timestamp":"2026-04-18T05:00:00+00:00","equity":1004.39},{"timestamp":"2026-04-18T06:00:00+00:00","equity":1004.35},{"timestamp":"2026-04-18T07:00:00+00:00","equity":1003.71},{"timestamp":"2026-04-18T08:00:00+00:00","equity":1002.37},{"timestamp":"2026-04-18T09:00:00+00:00","equity":1001.63},{"timestamp":"2026-04-18T10:00:00+00:00","equity":999.26},{"timestamp":"2026-04-18T11:00:00+00:00","equity":998.44},{"timestamp":"2026-04-18T12:00:00+00:00","equity":999.63},{"timestamp":"2026-04-18T13:00:00+00:00","equity":998.99},{"timestamp":"2026-04-18T14:00:00+00:00","equity":999.91},{"timestamp":"2026-04-18T15:00:00+00:00","equity":999.29},{"timestamp":"2026-04-18T16:00:00+00:00","equity":997.73},{"timestamp":"2026-04-18T17:00:00+00:00","equity":996.92},{"timestamp":"2026-04-18T18:00:00+00:00","equity":995.67},{"timestamp":"2026-04-18T19:00:00+00:00","equity":995.74},{"timestamp":"2026-04-18T20:00:00+00:00","equity":996.45},{"timestamp":"2026-04-18T21:00:00+00:00","equity":996.94},{"timestamp":"2026-04-18T22:00:00+00:00","equity":996.89},{"timestamp":"2026-04-18T23:00:00+00:00","equity":996.12},{"timestamp":"2026-04-19T00:00:00+00:00","equity":995.92},{"timestamp":"2026-04-19T01:00:00+00:00","equity":995.53},{"timestamp":"2026-04-19T02:00:00+00:00","equity":994.68},{"timestamp":"2026-04-19T03:00:00+00:00","equity":994.79},{"timestamp":"2026-04-19T04:00:00+00:00","equity":995.86},{"timestamp":"2026-04-19T05:00:00+00:00","equity":995.02},{"timestamp":"2026-04-19T06:00:00+00:00","equity":993.97},{"timestamp":"2026-04-19T07:00:00+00:00","equity":993.16},{"timestamp":"2026-04-19T08:00:00+00:00","equity":993.22},{"timestamp":"2026-04-19T09:00:00+00:00","equity":991.23},{"timestamp":"2026-04-19T10:00:00+00:00","equity":992.79},{"timestamp":"2026-04-19T11:00:00+00:00","equity":995.97},{"timestamp":"2026-04-19T12:00:00+00:00","equity":995.78},{"timestamp":"2026-04-19T13:00:00+00:00","equity":998.6},{"timestamp":"2026-04-19T14:00:00+00:00","equity":999.35},{"timestamp":"2026-04-19T15:00:00+00:00","equity":998.09},{"timestamp":"2026-04-19T16:00:00+00:00","equity":994.82},{"timestamp":"2026-04-19T17:00:00+00:00","equity":990.08},{"timestamp":"2026-04-19T18:00:00+00:00","equity":990.13},{"timestamp":"2026-04-19T19:00:00+00:00","equity":991.59},{"timestamp":"2026-04-19T20:00:00+00:00","equity":988.94},{"timestamp":"2026-04-19T21:00:00+00:00","equity":987.3},{"timestamp":"2026-04-19T22:00:00+00:00","equity":983.82},{"timestamp":"2026-04-19T23:00:00+00:00","equity":981.44},{"timestamp":"2026-04-20T00:00:00+00:00","equity":986.12},{"timestamp":"2026-04-20T01:00:00+00:00","equity":988.98},{"timestamp":"2026-04-20T02:00:00+00:00","equity":987.31},{"timestamp":"2026-04-20T03:00:00+00:00","equity":989.42},{"timestamp":"2026-04-20T04:00:00+00:00","equity":988.69},{"timestamp":"2026-04-20T05:00:00+00:00","equity":985.93},{"timestamp":"2026-04-20T06:00:00+00:00","equity":990.85},{"timestamp":"2026-04-20T07:00:00+00:00","equity":991.49},{"timestamp":"2026-04-20T08:00:00+00:00","equity":990.7},{"timestamp":"2026-04-20T09:00:00+00:00","equity":993.47},{"timestamp":"2026-04-20T10:00:00+00:00","equity":993.21},{"timestamp":"2026-04-20T11:00:00+00:00","equity":994.49},{"timestamp":"2026-04-20T12:00:00+00:00","equity":995.34},{"timestamp":"2026-04-20T13:00:00+00:00","equity":995.18},{"timestamp":"2026-04-20T14:00:00+00:00","equity":992.97},{"timestamp":"2026-04-20T15:00:00+00:00","equity":998.77},{"timestamp":"2026-04-20T16:00:00+00:00","equity":995.66},{"timestamp":"2026-04-20T17:00:00+00:00","equity":1000.33},{"timestamp":"2026-04-20T18:00:00+00:00","equity":1003.91},{"timestamp":"2026-04-20T19:00:00+00:00","equity":1003.02},{"timestamp":"2026-04-20T20:00:00+00:00","equity":1002.98},{"timestamp":"2026-04-20T21:00:00+00:00","equity":1000.69},{"timestamp":"2026-04-20T22:00:00+00:00","equity":1000.8},{"timestamp":"2026-04-20T23:00:00+00:00","equity":999.83},{"timestamp":"2026-04-21T00:00:00+00:00","equity":1001.66},{"timestamp":"2026-04-21T01:00:00+00:00","equity":1000.46},{"timestamp":"2026-04-21T02:00:00+00:00","equity":998.07},{"timestamp":"2026-04-21T03:00:00+00:00","equity":998.96},{"timestamp":"2026-04-21T04:00:00+00:00","equity":999.66},{"timestamp":"2026-04-21T05:00:00+00:00","equity":999.62},{"timestamp":"2026-04-21T06:00:00+00:00","equity":1000.78},{"timestamp":"2026-04-21T07:00:00+00:00","equity":1001.59},{"timestamp":"2026-04-21T08:00:00+00:00","equity":1004.58},{"timestamp":"2026-04-21T09:00:00+00:00","equity":1003.48},{"timestamp":"2026-04-21T10:00:00+00:00","equity":1006.21},{"timestamp":"2026-04-21T11:00:00+00:00","equity":1004.5},{"timestamp":"2026-04-21T12:00:00+00:00","equity":1001.99},{"timestamp":"2026-04-21T13:00:00+00:00","equity":1001.14},{"timestamp":"2026-04-21T14:00:00+00:00","equity":999.49},{"timestamp":"2026-04-21T15:00:00+00:00","equity":1000.67},{"timestamp":"2026-04-21T16:00:00+00:00","equity":1000.31},{"timestamp":"2026-04-21T17:00:00+00:00","equity":999.17},{"timestamp":"2026-04-21T18:00:00+00:00","equity":999.63},{"timestamp":"2026-04-21T19:00:00+00:00","equity":994.69},{"timestamp":"2026-04-21T20:00:00+00:00","equity":1000.62},{"timestamp":"2026-04-21T21:00:00+00:00","equity":999.15},{"timestamp":"2026-04-21T22:00:00+00:00","equity":999.95},{"timestamp":"2026-04-21T23:00:00+00:00","equity":1005.07},{"timestamp":"2026-04-22T00:00:00+00:00","equity":1005.3},{"timestamp":"2026-04-22T01:00:00+00:00","equity":1004.85},{"timestamp":"2026-04-22T02:00:00+00:00","equity":1013.01},{"timestamp":"2026-04-22T03:00:00+00:00","equity":1012.57},{"timestamp":"2026-04-22T04:00:00+00:00","equity":1012.49},{"timestamp":"2026-04-22T05:00:00+00:00","equity":1014.75},{"timestamp":"2026-04-22T06:00:00+00:00","equity":1014.9},{"timestamp":"2026-04-22T07:00:00+00:00","equity":1014.9},{"timestamp":"2026-04-22T08:00:00+00:00","equity":1014.92},{"timestamp":"2026-04-22T09:00:00+00:00","equity":1014.85},{"timestamp":"2026-04-22T10:00:00+00:00","equity":1015.59},{"timestamp":"2026-04-22T11:00:00+00:00","equity":1016.27},{"timestamp":"2026-04-22T12:00:00+00:00","equity":1015.99},{"timestamp":"2026-04-22T13:00:00+00:00","equity":1018.47},{"timestamp":"2026-04-22T14:00:00+00:00","equity":1019.14},{"timestamp":"2026-04-22T15:00:00+00:00","equity":1019.97},{"timestamp":"2026-04-22T16:00:00+00:00","equity":1018.1},{"timestamp":"2026-04-22T17:00:00+00:00","equity":1018.6},{"timestamp":"2026-04-22T18:00:00+00:00","equity":1019.07},{"timestamp":"2026-04-22T19:00:00+00:00","equity":1018.47},{"timestamp":"2026-04-22T20:00:00+00:00","equity":1017.01},{"timestamp":"2026-04-22T21:00:00+00:00","equity":1018.16},{"timestamp":"2026-04-22T22:00:00+00:00","equity":1017.64},{"timestamp":"2026-04-22T23:00:00+00:00","equity":1016.15},{"timestamp":"2026-04-23T00:00:00+00:00","equity":1017.79},{"timestamp":"2026-04-23T01:00:00+00:00","equity":1017.47},{"timestamp":"2026-04-23T02:00:00+00:00","equity":1015.57},{"timestamp":"2026-04-23T03:00:00+00:00","equity":1014.54},{"timestamp":"2026-04-23T04:00:00+00:00","equity":1015.43},{"timestamp":"2026-04-23T05:00:00+00:00","equity":1015.87},{"timestamp":"2026-04-23T06:00:00+00:00","equity":1016.82},{"timestamp":"2026-04-23T07:00:00+00:00","equity":1016.12},{"timestamp":"2026-04-23T08:00:00+00:00","equity":1015.16},{"timestamp":"2026-04-23T09:00:00+00:00","equity":1014.21},{"timestamp":"2026-04-23T10:00:00+00:00","equity":1013.08},{"timestamp":"2026-04-23T11:00:00+00:00","equity":1014.44},{"timestamp":"2026-04-23T12:00:00+00:00","equity":1015.28},{"timestamp":"2026-04-23T13:00:00+00:00","equity":1013.7},{"timestamp":"2026-04-23T14:00:00+00:00","equity":1016.72},{"timestamp":"2026-04-23T15:00:00+00:00","equity":1017.79},{"timestamp":"2026-04-23T16:00:00+00:00","equity":1016.86},{"timestamp":"2026-04-23T17:00:00+00:00","equity":1015.72},{"timestamp":"2026-04-23T18:00:00+00:00","equity":1015.46},{"timestamp":"2026-04-23T19:00:00+00:00","equity":1015.49},{"timestamp":"2026-04-23T20:00:00+00:00","equity":1016.23},{"timestamp":"2026-04-23T21:00:00+00:00","equity":1016.2},{"timestamp":"2026-04-23T22:00:00+00:00","equity":1017.84},{"timestamp":"2026-04-23T23:00:00+00:00","equity":1017.95},{"timestamp":"2026-04-24T00:00:00+00:00","equity":1018.71},{"timestamp":"2026-04-24T01:00:00+00:00","equity":1018.79},{"timestamp":"2026-04-24T02:00:00+00:00","equity":1017.37},{"timestamp":"2026-04-24T03:00:00+00:00","equity":1015.53},{"timestamp":"2026-04-24T04:00:00+00:00","equity":1015.2},{"timestamp":"2026-04-24T05:00:00+00:00","equity":1016.53},{"timestamp":"2026-04-24T06:00:00+00:00","equity":1015.8},{"timestamp":"2026-04-24T07:00:00+00:00","equity":1015.17},{"timestamp":"2026-04-24T08:00:00+00:00","equity":1015.78},{"timestamp":"2026-04-24T09:00:00+00:00","equity":1014.6},{"timestamp":"2026-04-24T10:00:00+00:00","equity":1015.58},{"timestamp":"2026-04-24T11:00:00+00:00","equity":1017.84},{"timestamp":"2026-04-24T12:00:00+00:00","equity":1018.03},{"timestamp":"2026-04-24T13:00:00+00:00","equity":1017.16},{"timestamp":"2026-04-24T14:00:00+00:00","equity":1017.0},{"timestamp":"2026-04-24T15:00:00+00:00","equity":1016.99},{"timestamp":"2026-04-24T16:00:00+00:00","equity":1015.76},{"timestamp":"2026-04-24T17:00:00+00:00","equity":1015.31},{"timestamp":"2026-04-24T18:00:00+00:00","equity":1014.99},{"timestamp":"2026-04-24T19:00:00+00:00","equity":1015.1},{"timestamp":"2026-04-24T20:00:00+00:00","equity":1015.5},{"timestamp":"2026-04-24T21:00:00+00:00","equity":1014.66},{"timestamp":"2026-04-24T22:00:00+00:00","equity":1013.72},{"timestamp":"2026-04-24T23:00:00+00:00","equity":1014.18},{"timestamp":"2026-04-25T00:00:00+00:00","equity":1014.28},{"timestamp":"2026-04-25T01:00:00+00:00","equity":1014.64},{"timestamp":"2026-04-25T02:00:00+00:00","equity":1014.98},{"timestamp":"2026-04-25T03:00:00+00:00","equity":1015.28},{"timestamp":"2026-04-25T04:00:00+00:00","equity":1015.01},{"timestamp":"2026-04-25T05:00:00+00:00","equity":1014.55},{"timestamp":"2026-04-25T06:00:00+00:00","equity":1014.48},{"timestamp":"2026-04-25T07:00:00+00:00","equity":1014.46},{"timestamp":"2026-04-25T08:00:00+00:00","equity":1015.15},{"timestamp":"2026-04-25T09:00:00+00:00","equity":1015.46},{"timestamp":"2026-04-25T10:00:00+00:00","equity":1015.78},{"timestamp":"2026-04-25T11:00:00+00:00","equity":1015.31},{"timestamp":"2026-04-25T12:00:00+00:00","equity":1014.71},{"timestamp":"2026-04-25T13:00:00+00:00","equity":1015.29},{"timestamp":"2026-04-25T14:00:00+00:00","equity":1015.19},{"timestamp":"2026-04-25T15:00:00+00:00","equity":1013.69},{"timestamp":"2026-04-25T16:00:00+00:00","equity":1014.03},{"timestamp":"2026-04-25T17:00:00+00:00","equity":1013.32},{"timestamp":"2026-04-25T18:00:00+00:00","equity":1013.49},{"timestamp":"2026-04-25T19:00:00+00:00","equity":1013.62},{"timestamp":"2026-04-25T20:00:00+00:00","equity":1014.35},{"timestamp":"2026-04-25T21:00:00+00:00","equity":1014.59},{"timestamp":"2026-04-25T22:00:00+00:00","equity":1014.72},{"timestamp":"2026-04-25T23:00:00+00:00","equity":1015.05},{"timestamp":"2026-04-26T00:00:00+00:00","equity":1014.45},{"timestamp":"2026-04-26T01:00:00+00:00","equity":1014.26},{"timestamp":"2026-04-26T02:00:00+00:00","equity":1014.57},{"timestamp":"2026-04-26T03:00:00+00:00","equity":1013.94},{"timestamp":"2026-04-26T04:00:00+00:00","equity":1015.7},{"timestamp":"2026-04-26T05:00:00+00:00","equity":1016.68},{"timestamp":"2026-04-26T06:00:00+00:00","equity":1016.75},{"timestamp":"2026-04-26T07:00:00+00:00","equity":1017.24},{"timestamp":"2026-04-26T08:00:00+00:00","equity":1016.89},{"timestamp":"2026-04-26T09:00:00+00:00","equity":1016.78},{"timestamp":"2026-04-26T10:00:00+00:00","equity":1016.77},{"timestamp":"2026-04-26T11:00:00+00:00","equity":1017.2},{"timestamp":"2026-04-26T12:00:00+00:00","equity":1015.97},{"timestamp":"2026-04-26T13:00:00+00:00","equity":1016.63},{"timestamp":"2026-04-26T14:00:00+00:00","equity":1017.16},{"timestamp":"2026-04-26T15:00:00+00:00","equity":1017.0},{"timestamp":"2026-04-26T16:00:00+00:00","equity":1016.45},{"timestamp":"2026-04-26T17:00:00+00:00","equity":1016.83},{"timestamp":"2026-04-26T18:00:00+00:00","equity":1018.05},{"timestamp":"2026-04-26T19:00:00+00:00","equity":1017.85},{"timestamp":"2026-04-26T20:00:00+00:00","equity":1017.71},{"timestamp":"2026-04-26T21:00:00+00:00","equity":1018.81},{"timestamp":"2026-04-26T22:00:00+00:00","equity":1018.47},{"timestamp":"2026-04-26T23:00:00+00:00","equity":1019.59},{"timestamp":"2026-04-27T00:00:00+00:00","equity":1021.64},{"timestamp":"2026-04-27T01:00:00+00:00","equity":1021.76},{"timestamp":"2026-04-27T02:00:00+00:00","equity":1021.25},{"timestamp":"2026-04-27T03:00:00+00:00","equity":1021.15},{"timestamp":"2026-04-27T04:00:00+00:00","equity":1020.54},{"timestamp":"2026-04-27T05:00:00+00:00","equity":1017.56},{"timestamp":"2026-04-27T06:00:00+00:00","equity":1017.2},{"timestamp":"2026-04-27T07:00:00+00:00","equity":1016.79},{"timestamp":"2026-04-27T08:00:00+00:00","equity":1017.67},{"timestamp":"2026-04-27T09:00:00+00:00","equity":1018.09},{"timestamp":"2026-04-27T10:00:00+00:00","equity":1017.88},{"timestamp":"2026-04-27T11:00:00+00:00","equity":1017.84},{"timestamp":"2026-04-27T12:00:00+00:00","equity":1017.02},{"timestamp":"2026-04-27T13:00:00+00:00","equity":1017.39},{"timestamp":"2026-04-27T14:00:00+00:00","equity":1017.65},{"timestamp":"2026-04-27T15:00:00+00:00","equity":1013.83},{"timestamp":"2026-04-27T16:00:00+00:00","equity":1012.8},{"timestamp":"2026-04-27T17:00:00+00:00","equity":1013.41},{"timestamp":"2026-04-27T18:00:00+00:00","equity":1013.94},{"timestamp":"2026-04-27T19:00:00+00:00","equity":1014.31},{"timestamp":"2026-04-27T20:00:00+00:00","equity":1014.76},{"timestamp":"2026-04-27T21:00:00+00:00","equity":1013.73},{"timestamp":"2026-04-27T22:00:00+00:00","equity":1015.31},{"timestamp":"2026-04-27T23:00:00+00:00","equity":1017.12},{"timestamp":"2026-04-28T00:00:00+00:00","equity":1017.23},{"timestamp":"2026-04-28T01:00:00+00:00","equity":1015.47},{"timestamp":"2026-04-28T02:00:00+00:00","equity":1014.37},{"timestamp":"2026-04-28T03:00:00+00:00","equity":1013.92},{"timestamp":"2026-04-28T04:00:00+00:00","equity":1014.36},{"timestamp":"2026-04-28T05:00:00+00:00","equity":1014.38},{"timestamp":"2026-04-28T06:00:00+00:00","equity":1013.3},{"timestamp":"2026-04-28T07:00:00+00:00","equity":1014.23},{"timestamp":"2026-04-28T08:00:00+00:00","equity":1014.19},{"timestamp":"2026-04-28T09:00:00+00:00","equity":1012.63},{"timestamp":"2026-04-28T10:00:00+00:00","equity":1012.76},{"timestamp":"2026-04-28T11:00:00+00:00","equity":1010.51},{"timestamp":"2026-04-28T12:00:00+00:00","equity":1011.47},{"timestamp":"2026-04-28T13:00:00+00:00","equity":1010.55},{"timestamp":"2026-04-28T14:00:00+00:00","equity":1008.8},{"timestamp":"2026-04-28T15:00:00+00:00","equity":1009.57},{"timestamp":"2026-04-28T16:00:00+00:00","equity":1009.98},{"timestamp":"2026-04-28T17:00:00+00:00","equity":1010.38},{"timestamp":"2026-04-28T18:00:00+00:00","equity":1010.75},{"timestamp":"2026-04-28T19:00:00+00:00","equity":1011.49},{"timestamp":"2026-04-28T20:00:00+00:00","equity":1012.44},{"timestamp":"2026-04-28T21:00:00+00:00","equity":1011.65},{"timestamp":"2026-04-28T22:00:00+00:00","equity":1010.82},{"timestamp":"2026-04-28T23:00:00+00:00","equity":1011.42},{"timestamp":"2026-04-29T00:00:00+00:00","equity":1012.72},{"timestamp":"2026-04-29T01:00:00+00:00","equity":1013.01},{"timestamp":"2026-04-29T02:00:00+00:00","equity":1012.77},{"timestamp":"2026-04-29T03:00:00+00:00","equity":1015.88},{"timestamp":"2026-04-29T04:00:00+00:00","equity":1017.46},{"timestamp":"2026-04-29T05:00:00+00:00","equity":1017.58},{"timestamp":"2026-04-29T06:00:00+00:00","equity":1015.97},{"timestamp":"2026-04-29T07:00:00+00:00","equity":1016.15},{"timestamp":"2026-04-29T08:00:00+00:00","equity":1016.13},{"timestamp":"2026-04-29T09:00:00+00:00","equity":1019.72},{"timestamp":"2026-04-29T10:00:00+00:00","equity":1019.59},{"timestamp":"2026-04-29T11:00:00+00:00","equity":1019.43},{"timestamp":"2026-04-29T12:00:00+00:00","equity":1017.31},{"timestamp":"2026-04-29T13:00:00+00:00","equity":1015.5},{"timestamp":"2026-04-29T14:00:00+00:00","equity":1014.27},{"timestamp":"2026-04-29T15:00:00+00:00","equity":1010.17},{"timestamp":"2026-04-29T16:00:00+00:00","equity":1009.47},{"timestamp":"2026-04-29T17:00:00+00:00","equity":1012.01},{"timestamp":"2026-04-29T18:00:00+00:00","equity":1008.43},{"timestamp":"2026-04-29T19:00:00+00:00","equity":1008.75},{"timestamp":"2026-04-29T20:00:00+00:00","equity":1009.57},{"timestamp":"2026-04-29T21:00:00+00:00","equity":1011.35},{"timestamp":"2026-04-29T22:00:00+00:00","equity":1011.3},{"timestamp":"2026-04-29T23:00:00+00:00","equity":1010.31},{"timestamp":"2026-04-30T00:00:00+00:00","equity":1013.65},{"timestamp":"2026-04-30T01:00:00+00:00","equity":1013.51},{"timestamp":"2026-04-30T02:00:00+00:00","equity":1009.75},{"timestamp":"2026-04-30T03:00:00+00:00","equity":1011.34},{"timestamp":"2026-04-30T04:00:00+00:00","equity":1008.24},{"timestamp":"2026-04-30T05:00:00+00:00","equity":1009.01},{"timestamp":"2026-04-30T06:00:00+00:00","equity":1010.12},{"timestamp":"2026-04-30T07:00:00+00:00","equity":1012.97},{"timestamp":"2026-04-30T08:00:00+00:00","equity":1012.28},{"timestamp":"2026-04-30T09:00:00+00:00","equity":1012.53},{"timestamp":"2026-04-30T10:00:00+00:00","equity":1011.99},{"timestamp":"2026-04-30T11:00:00+00:00","equity":1012.25},{"timestamp":"2026-04-30T12:00:00+00:00","equity":1013.97},{"timestamp":"2026-04-30T13:00:00+00:00","equity":1014.7},{"timestamp":"2026-04-30T14:00:00+00:00","equity":1013.9},{"timestamp":"2026-04-30T15:00:00+00:00","equity":1015.09},{"timestamp":"2026-04-30T16:00:00+00:00","equity":1013.57},{"timestamp":"2026-04-30T17:00:00+00:00","equity":1013.5},{"timestamp":"2026-04-30T18:00:00+00:00","equity":1014.23},{"timestamp":"2026-04-30T19:00:00+00:00","equity":1014.69},{"timestamp":"2026-04-30T20:00:00+00:00","equity":1015.25},{"timestamp":"2026-04-30T21:00:00+00:00","equity":1013.48},{"timestamp":"2026-04-30T22:00:00+00:00","equity":1013.46},{"timestamp":"2026-04-30T23:00:00+00:00","equity":1014.16},{"timestamp":"2026-05-01T00:00:00+00:00","equity":1014.98},{"timestamp":"2026-05-01T01:00:00+00:00","equity":1016.57},{"timestamp":"2026-05-01T02:00:00+00:00","equity":1015.98},{"timestamp":"2026-05-01T03:00:00+00:00","equity":1019.3},{"timestamp":"2026-05-01T04:00:00+00:00","equity":1018.8},{"timestamp":"2026-05-01T05:00:00+00:00","equity":1019.58},{"timestamp":"2026-05-01T06:00:00+00:00","equity":1018.61},{"timestamp":"2026-05-01T07:00:00+00:00","equity":1019.4},{"timestamp":"2026-05-01T08:00:00+00:00","equity":1020.84},{"timestamp":"2026-05-01T09:00:00+00:00","equity":1020.31},{"timestamp":"2026-05-01T10:00:00+00:00","equity":1020.39},{"timestamp":"2026-05-01T11:00:00+00:00","equity":1021.39},{"timestamp":"2026-05-01T12:00:00+00:00","equity":1023.66},{"timestamp":"2026-05-01T13:00:00+00:00","equity":1027.42},{"timestamp":"2026-05-01T14:00:00+00:00","equity":1026.06},{"timestamp":"2026-05-01T15:00:00+00:00","equity":1026.34},{"timestamp":"2026-05-01T16:00:00+00:00","equity":1025.51},{"timestamp":"2026-05-01T17:00:00+00:00","equity":1026.7},{"timestamp":"2026-05-01T18:00:00+00:00","equity":1026.3},{"timestamp":"2026-05-01T19:00:00+00:00","equity":1026.1},{"timestamp":"2026-05-01T20:00:00+00:00","equity":1024.52},{"timestamp":"2026-05-01T21:00:00+00:00","equity":1026.06},{"timestamp":"2026-05-01T22:00:00+00:00","equity":1025.78},{"timestamp":"2026-05-01T23:00:00+00:00","equity":1026.18},{"timestamp":"2026-05-02T00:00:00+00:00","equity":1026.7},{"timestamp":"2026-05-02T01:00:00+00:00","equity":1026.68},{"timestamp":"2026-05-02T02:00:00+00:00","equity":1026.75},{"timestamp":"2026-05-02T03:00:00+00:00","equity":1026.99},{"timestamp":"2026-05-02T04:00:00+00:00","equity":1025.93},{"timestamp":"2026-05-02T05:00:00+00:00","equity":1025.93},{"timestamp":"2026-05-02T06:00:00+00:00","equity":1026.6},{"timestamp":"2026-05-02T07:00:00+00:00","equity":1026.12},{"timestamp":"2026-05-02T08:00:00+00:00","equity":1026.54},{"timestamp":"2026-05-02T09:00:00+00:00","equity":1026.48},{"timestamp":"2026-05-02T10:00:00+00:00","equity":1026.25},{"timestamp":"2026-05-02T11:00:00+00:00","equity":1025.78},{"timestamp":"2026-05-02T12:00:00+00:00","equity":1026.09},{"timestamp":"2026-05-02T13:00:00+00:00","equity":1026.78},{"timestamp":"2026-05-02T14:00:00+00:00","equity":1027.02},{"timestamp":"2026-05-02T15:00:00+00:00","equity":1027.33},{"timestamp":"2026-05-02T16:00:00+00:00","equity":1027.16},{"timestamp":"2026-05-02T17:00:00+00:00","equity":1026.91},{"timestamp":"2026-05-02T18:00:00+00:00","equity":1027.2},{"timestamp":"2026-05-02T19:00:00+00:00","equity":1027.33},{"timestamp":"2026-05-02T20:00:00+00:00","equity":1027.21},{"timestamp":"2026-05-02T21:00:00+00:00","equity":1028.24},{"timestamp":"2026-05-02T22:00:00+00:00","equity":1028.61},{"timestamp":"2026-05-02T23:00:00+00:00","equity":1028.09},{"timestamp":"2026-05-03T00:00:00+00:00","equity":1027.65},{"timestamp":"2026-05-03T01:00:00+00:00","equity":1026.61},{"timestamp":"2026-05-03T02:00:00+00:00","equity":1026.31},{"timestamp":"2026-05-03T03:00:00+00:00","equity":1026.43},{"timestamp":"2026-05-03T04:00:00+00:00","equity":1026.32},{"timestamp":"2026-05-03T05:00:00+00:00","equity":1026.58},{"timestamp":"2026-05-03T06:00:00+00:00","equity":1026.72},{"timestamp":"2026-05-03T07:00:00+00:00","equity":1026.98},{"timestamp":"2026-05-03T08:00:00+00:00","equity":1027.07},{"timestamp":"2026-05-03T09:00:00+00:00","equity":1027.58},{"timestamp":"2026-05-03T10:00:00+00:00","equity":1027.14},{"timestamp":"2026-05-03T11:00:00+00:00","equity":1028.01},{"timestamp":"2026-05-03T12:00:00+00:00","equity":1028.31},{"timestamp":"2026-05-03T13:00:00+00:00","equity":1028.02},{"timestamp":"2026-05-03T14:00:00+00:00","equity":1028.26},{"timestamp":"2026-05-03T15:00:00+00:00","equity":1028.01},{"timestamp":"2026-05-03T16:00:00+00:00","equity":1028.0},{"timestamp":"2026-05-03T17:00:00+00:00","equity":1028.23},{"timestamp":"2026-05-03T18:00:00+00:00","equity":1028.26},{"timestamp":"2026-05-03T19:00:00+00:00","equity":1028.34},{"timestamp":"2026-05-03T20:00:00+00:00","equity":1028.91},{"timestamp":"2026-05-03T21:00:00+00:00","equity":1028.57},{"timestamp":"2026-05-03T22:00:00+00:00","equity":1029.76},{"timestamp":"2026-05-03T23:00:00+00:00","equity":1027.67},{"timestamp":"2026-05-04T00:00:00+00:00","equity":1027.6},{"timestamp":"2026-05-04T01:00:00+00:00","equity":1031.41},{"timestamp":"2026-05-04T02:00:00+00:00","equity":1032.34},{"timestamp":"2026-05-04T03:00:00+00:00","equity":1032.7},{"timestamp":"2026-05-04T04:00:00+00:00","equity":1032.73},{"timestamp":"2026-05-04T05:00:00+00:00","equity":1032.38},{"timestamp":"2026-05-04T06:00:00+00:00","equity":1032.59},{"timestamp":"2026-05-04T07:00:00+00:00","equity":1032.19},{"timestamp":"2026-05-04T08:00:00+00:00","equity":1032.22},{"timestamp":"2026-05-04T09:00:00+00:00","equity":1032.49},{"timestamp":"2026-05-04T10:00:00+00:00","equity":1031.43},{"timestamp":"2026-05-04T11:00:00+00:00","equity":1031.08},{"timestamp":"2026-05-04T12:00:00+00:00","equity":1031.27},{"timestamp":"2026-05-04T13:00:00+00:00","equity":1031.23},{"timestamp":"2026-05-04T14:00:00+00:00","equity":1035.43},{"timestamp":"2026-05-04T15:00:00+00:00","equity":1035.79},{"timestamp":"2026-05-04T16:00:00+00:00","equity":1035.79},{"timestamp":"2026-05-04T17:00:00+00:00","equity":1036.55},{"timestamp":"2026-05-04T18:00:00+00:00","equity":1036.24},{"timestamp":"2026-05-04T19:00:00+00:00","equity":1036.17},{"timestamp":"2026-05-04T20:00:00+00:00","equity":1036.04},{"timestamp":"2026-05-04T21:00:00+00:00","equity":1036.41},{"timestamp":"2026-05-04T22:00:00+00:00","equity":1036.18},{"timestamp":"2026-05-04T23:00:00+00:00","equity":1035.94},{"timestamp":"2026-05-05T00:00:00+00:00","equity":1036.3},{"timestamp":"2026-05-05T01:00:00+00:00","equity":1036.51},{"timestamp":"2026-05-05T02:00:00+00:00","equity":1036.74},{"timestamp":"2026-05-05T03:00:00+00:00","equity":1037.11},{"timestamp":"2026-05-05T04:00:00+00:00","equity":1037.14},{"timestamp":"2026-05-05T05:00:00+00:00","equity":1037.21},{"timestamp":"2026-05-05T06:00:00+00:00","equity":1037.22},{"timestamp":"2026-05-05T07:00:00+00:00","equity":1037.11},{"timestamp":"2026-05-05T08:00:00+00:00","equity":1037.04},{"timestamp":"2026-05-05T09:00:00+00:00","equity":1036.78},{"timestamp":"2026-05-05T10:00:00+00:00","equity":1037.06},{"timestamp":"2026-05-05T11:00:00+00:00","equity":1037.18},{"timestamp":"2026-05-06T00:00:00+00:00","equity":1037.26},{"timestamp":"2026-05-06T01:00:00+00:00","equity":1037.54},{"timestamp":"2026-05-06T02:00:00+00:00","equity":1037.54},{"timestamp":"2026-05-06T03:00:00+00:00","equity":1037.54},{"timestamp":"2026-05-06T04:00:00+00:00","equity":1037.54},{"timestamp":"2026-05-06T05:00:00+00:00","equity":1037.54},{"timestamp":"2026-05-06T06:00:00+00:00","equity":1037.54},{"timestamp":"2026-05-06T07:00:00+00:00","equity":1037.54},{"timestamp":"2026-05-06T08:00:00+00:00","equity":1037.54},{"timestamp":"2026-05-06T09:00:00+00:00","equity":1037.54},{"timestamp":"2026-05-06T10:00:00+00:00","equity":1037.54},{"timestamp":"2026-05-06T11:00:00+00:00","equity":1037.54},{"timestamp":"2026-05-06T12:00:00+00:00","equity":1037.54},{"timestamp":"2026-05-06T13:00:00+00:00","equity":1037.54},{"timestamp":"2026-05-06T14:00:00+00:00","equity":1037.54},{"timestamp":"2026-05-06T15:00:00+00:00","equity":1037.54},{"timestamp":"2026-05-06T16:00:00+00:00","equity":1037.54},{"timestamp":"2026-05-06T17:00:00+00:00","equity":1037.54},{"timestamp":"2026-05-06T18:00:00+00:00","equity":1037.54},{"timestamp":"2026-05-06T19:00:00+00:00","equity":1037.54},{"timestamp":"2026-05-06T20:00:00+00:00","equity":1037.54},{"timestamp":"2026-05-06T21:00:00+00:00","equity":1037.54},{"timestamp":"2026-05-06T22:00:00+00:00","equity":1037.54},{"timestamp":"2026-05-06T23:00:00+00:00","equity":1037.54},{"timestamp":"2026-05-07T00:00:00+00:00","equity":1037.54},{"timestamp":"2026-05-07T01:00:00+00:00","equity":1037.54},{"timestamp":"2026-05-07T02:00:00+00:00","equity":1037.54},{"timestamp":"2026-05-07T03:00:00+00:00","equity":1037.54},{"timestamp":"2026-05-07T04:00:00+00:00","equity":1037.54},{"timestamp":"2026-05-07T05:00:00+00:00","equity":1037.54},{"timestamp":"2026-05-07T06:00:00+00:00","equity":1037.54},{"timestamp":"2026-05-07T07:00:00+00:00","equity":1037.54},{"timestamp":"2026-05-07T08:00:00+00:00","equity":1037.54},{"timestamp":"2026-05-07T09:00:00+00:00","equity":1037.54},{"timestamp":"2026-05-07T10:00:00+00:00","equity":1037.54},{"timestamp":"2026-05-07T11:00:00+00:00","equity":1037.54},{"timestamp":"2026-05-07T12:00:00+00:00","equity":1037.54},{"timestamp":"2026-05-07T13:00:00+00:00","equity":1037.61},{"timestamp":"2026-05-07T14:00:00+00:00","equity":1037.23},{"timestamp":"2026-05-07T15:00:00+00:00","equity":1036.91},{"timestamp":"2026-05-07T16:00:00+00:00","equity":1036.81},{"timestamp":"2026-05-07T17:00:00+00:00","equity":1037.81},{"timestamp":"2026-05-07T18:00:00+00:00","equity":1038.06},{"timestamp":"2026-05-07T19:00:00+00:00","equity":1037.88},{"timestamp":"2026-05-07T20:00:00+00:00","equity":1037.32},{"timestamp":"2026-05-07T21:00:00+00:00","equity":1036.99},{"timestamp":"2026-05-07T22:00:00+00:00","equity":1037.39},{"timestamp":"2026-05-07T23:00:00+00:00","equity":1037.61},{"timestamp":"2026-05-08T00:00:00+00:00","equity":1037.19},{"timestamp":"2026-05-08T01:00:00+00:00","equity":1036.79},{"timestamp":"2026-05-08T03:00:00+00:00","equity":1036.58},{"timestamp":"2026-05-08T04:00:00+00:00","equity":1036.79},{"timestamp":"2026-05-08T05:00:00+00:00","equity":1036.75},{"timestamp":"2026-05-08T06:00:00+00:00","equity":1036.4},{"timestamp":"2026-05-08T07:00:00+00:00","equity":1036.78},{"timestamp":"2026-05-08T08:00:00+00:00","equity":1037.44},{"timestamp":"2026-05-08T09:00:00+00:00","equity":1037.26},{"timestamp":"2026-05-08T10:00:00+00:00","equity":1038.09},{"timestamp":"2026-05-08T11:00:00+00:00","equity":1038.11},{"timestamp":"2026-05-08T12:00:00+00:00","equity":1038.02},{"timestamp":"2026-05-08T13:00:00+00:00","equity":1037.54},{"timestamp":"2026-05-08T14:00:00+00:00","equity":1038.15},{"timestamp":"2026-05-08T15:00:00+00:00","equity":1038.14},{"timestamp":"2026-05-08T16:00:00+00:00","equity":1037.74},{"timestamp":"2026-05-08T17:00:00+00:00","equity":1038.05},{"timestamp":"2026-05-08T18:00:00+00:00","equity":1038.08},{"timestamp":"2026-05-08T19:00:00+00:00","equity":1038.11},{"timestamp":"2026-05-08T20:00:00+00:00","equity":1038.14},{"timestamp":"2026-05-08T21:00:00+00:00","equity":1038.28},{"timestamp":"2026-05-08T22:00:00+00:00","equity":1038.3},{"timestamp":"2026-05-08T23:00:00+00:00","equity":1038.21},{"timestamp":"2026-05-09T00:00:00+00:00","equity":1038.25},{"timestamp":"2026-05-09T01:00:00+00:00","equity":1038.35},{"timestamp":"2026-05-09T02:00:00+00:00","equity":1038.45},{"timestamp":"2026-05-09T03:00:00+00:00","equity":1038.42},{"timestamp":"2026-05-09T04:00:00+00:00","equity":1038.43},{"timestamp":"2026-05-09T05:00:00+00:00","equity":1038.42},{"timestamp":"2026-05-09T06:00:00+00:00","equity":1038.27},{"timestamp":"2026-05-09T07:00:00+00:00","equity":1038.24},{"timestamp":"2026-05-09T08:00:00+00:00","equity":1038.45},{"timestamp":"2026-05-09T09:00:00+00:00","equity":1038.26},{"timestamp":"2026-05-09T10:00:00+00:00","equity":1038.29},{"timestamp":"2026-05-09T11:00:00+00:00","equity":1038.37},{"timestamp":"2026-05-09T12:00:00+00:00","equity":1038.45},{"timestamp":"2026-05-09T13:00:00+00:00","equity":1038.44},{"timestamp":"2026-05-09T14:00:00+00:00","equity":1038.36},{"timestamp":"2026-05-09T15:00:00+00:00","equity":1038.59},{"timestamp":"2026-05-09T16:00:00+00:00","equity":1038.68},{"timestamp":"2026-05-09T17:00:00+00:00","equity":1038.89},{"timestamp":"2026-05-09T18:00:00+00:00","equity":1039.01},{"timestamp":"2026-05-09T19:00:00+00:00","equity":1039.06},{"timestamp":"2026-05-09T20:00:00+00:00","equity":1038.88},{"timestamp":"2026-05-09T21:00:00+00:00","equity":1038.86},{"timestamp":"2026-05-09T22:00:00+00:00","equity":1038.85},{"timestamp":"2026-05-09T23:00:00+00:00","equity":1038.74},{"timestamp":"2026-05-10T00:00:00+00:00","equity":1038.74},{"timestamp":"2026-05-10T01:00:00+00:00","equity":1038.72},{"timestamp":"2026-05-10T02:00:00+00:00","equity":1038.86},{"timestamp":"2026-05-10T03:00:00+00:00","equity":1038.88},{"timestamp":"2026-05-10T04:00:00+00:00","equity":1038.84},{"timestamp":"2026-05-10T05:00:00+00:00","equity":1038.76},{"timestamp":"2026-05-10T06:00:00+00:00","equity":1038.81},{"timestamp":"2026-05-10T07:00:00+00:00","equity":1038.81},{"timestamp":"2026-05-10T08:00:00+00:00","equity":1038.92},{"timestamp":"2026-05-10T09:00:00+00:00","equity":1038.91}],"bar_count":693,"bars":[{"timestamp":"2026-04-11T00:00:00+00:00","open":72974.1953125,"high":72974.1953125,"low":72829.4453125,"close":72841.375,"volume":0.0},{"timestamp":"2026-04-11T01:00:00+00:00","open":72844.015625,"high":73003.703125,"low":72722.609375,"close":72955.96875,"volume":0.0},{"timestamp":"2026-04-11T02:00:00+00:00","open":72954.3125,"high":73116.5234375,"low":72946.8203125,"close":72984.203125,"volume":27906048.0},{"timestamp":"2026-04-11T03:00:00+00:00","open":72981.1484375,"high":73091.203125,"low":72867.390625,"close":72867.390625,"volume":0.0},{"timestamp":"2026-04-11T04:00:00+00:00","open":72886.9375,"high":72972.625,"low":72738.515625,"close":72824.890625,"volume":0.0},{"timestamp":"2026-04-11T05:00:00+00:00","open":72843.453125,"high":72862.75,"low":72706.6484375,"close":72759.265625,"volume":0.0},{"timestamp":"2026-04-11T06:00:00+00:00","open":72744.8828125,"high":72801.0859375,"low":72682.0703125,"close":72801.0859375,"volume":0.0},{"timestamp":"2026-04-11T07:00:00+00:00","open":72794.328125,"high":72848.59375,"low":72719.5390625,"close":72738.2890625,"volume":0.0},{"timestamp":"2026-04-11T08:00:00+00:00","open":72768.2421875,"high":72820.59375,"low":72681.109375,"close":72715.7109375,"volume":0.0},{"timestamp":"2026-04-11T09:00:00+00:00","open":72704.0703125,"high":72917.6328125,"low":72659.4375,"close":72913.359375,"volume":0.0},{"timestamp":"2026-04-11T10:00:00+00:00","open":72937.609375,"high":72938.2265625,"low":72799.84375,"close":72864.703125,"volume":0.0},{"timestamp":"2026-04-11T11:00:00+00:00","open":72861.7109375,"high":72945.75,"low":72858.3828125,"close":72925.703125,"volume":0.0},{"timestamp":"2026-04-11T12:00:00+00:00","open":72938.75,"high":73003.6796875,"low":72846.046875,"close":72967.8203125,"volume":0.0},{"timestamp":"2026-04-11T13:00:00+00:00","open":72961.0,"high":72961.0,"low":72594.53125,"close":72701.921875,"volume":0.0},{"timestamp":"2026-04-11T14:00:00+00:00","open":72693.8984375,"high":72771.796875,"low":72638.1796875,"close":72745.453125,"volume":0.0},{"timestamp":"2026-04-11T15:00:00+00:00","open":72744.0390625,"high":72883.3125,"low":72712.1953125,"close":72880.890625,"volume":0.0},{"timestamp":"2026-04-11T16:00:00+00:00","open":72887.8359375,"high":73199.65625,"low":72850.484375,"close":73102.703125,"volume":0.0},{"timestamp":"2026-04-11T17:00:00+00:00","open":73055.375,"high":73178.5859375,"low":72981.3203125,"close":73097.2109375,"volume":0.0},{"timestamp":"2026-04-11T18:00:00+00:00","open":73106.21875,"high":73660.734375,"low":73076.796875,"close":73544.5703125,"volume":224630784.0},{"timestamp":"2026-04-11T19:00:00+00:00","open":73555.78125,"high":73724.78125,"low":73514.65625,"close":73683.421875,"volume":0.0},{"timestamp":"2026-04-11T20:00:00+00:00","open":73687.1015625,"high":73687.1015625,"low":73284.3515625,"close":73331.3046875,"volume":0.0},{"timestamp":"2026-04-11T21:00:00+00:00","open":73324.375,"high":73539.8203125,"low":73272.140625,"close":73476.75,"volume":0.0},{"timestamp":"2026-04-11T22:00:00+00:00","open":73449.1328125,"high":73550.828125,"low":73270.546875,"close":73388.0546875,"volume":0.0},{"timestamp":"2026-04-11T23:00:00+00:00","open":73390.8125,"high":73390.8125,"low":72995.0078125,"close":73056.046875,"volume":0.0},{"timestamp":"2026-04-12T00:00:00+00:00","open":73057.15625,"high":73124.0859375,"low":72945.5078125,"close":73049.1640625,"volume":0.0},{"timestamp":"2026-04-12T01:00:00+00:00","open":73083.3515625,"high":73141.5,"low":71527.5625,"close":71609.53125,"volume":2020614144.0},{"timestamp":"2026-04-12T02:00:00+00:00","open":71662.8671875,"high":71924.7734375,"low":71464.046875,"close":71810.359375,"volume":935913472.0},{"timestamp":"2026-04-12T03:00:00+00:00","open":71790.203125,"high":71860.9296875,"low":71626.78125,"close":71660.0546875,"volume":144060416.0},{"timestamp":"2026-04-12T04:00:00+00:00","open":71621.7890625,"high":71678.65625,"low":71481.25,"close":71490.046875,"volume":257187840.0},{"timestamp":"2026-04-12T05:00:00+00:00","open":71498.8515625,"high":71785.1328125,"low":71448.0546875,"close":71740.96875,"volume":396326912.0},{"timestamp":"2026-04-12T06:00:00+00:00","open":71735.875,"high":71762.03125,"low":71663.28125,"close":71675.6640625,"volume":18329600.0},{"timestamp":"2026-04-12T07:00:00+00:00","open":71662.015625,"high":71765.0234375,"low":71612.8359375,"close":71747.28125,"volume":0.0},{"timestamp":"2026-04-12T08:00:00+00:00","open":71712.4296875,"high":71789.8125,"low":71625.328125,"close":71639.640625,"volume":692613120.0},{"timestamp":"2026-04-12T09:00:00+00:00","open":71650.3359375,"high":71654.359375,"low":71543.8046875,"close":71561.8203125,"volume":94949376.0},{"timestamp":"2026-04-12T10:00:00+00:00","open":71563.4296875,"high":71676.1875,"low":71405.109375,"close":71458.2734375,"volume":101920768.0},{"timestamp":"2026-04-12T11:00:00+00:00","open":71465.1640625,"high":71545.5546875,"low":71448.3203125,"close":71494.46875,"volume":383551488.0},{"timestamp":"2026-04-12T12:00:00+00:00","open":71493.9921875,"high":71515.1484375,"low":71129.40625,"close":71158.734375,"volume":516511744.0},{"timestamp":"2026-04-12T13:00:00+00:00","open":71004.1640625,"high":71102.6796875,"low":70910.4375,"close":70945.0,"volume":698109952.0},{"timestamp":"2026-04-12T14:00:00+00:00","open":70906.40625,"high":71084.5546875,"low":70739.6015625,"close":70807.34375,"volume":584138752.0},{"timestamp":"2026-04-12T15:00:00+00:00","open":70768.640625,"high":70944.4453125,"low":70721.7890625,"close":70906.8203125,"volume":588967936.0},{"timestamp":"2026-04-12T16:00:00+00:00","open":70886.1015625,"high":70959.578125,"low":70856.4140625,"close":70902.7578125,"volume":0.0},{"timestamp":"2026-04-12T17:00:00+00:00","open":70972.859375,"high":71190.6875,"low":70937.4296875,"close":71143.1328125,"volume":97961984.0},{"timestamp":"2026-04-12T18:00:00+00:00","open":71149.9453125,"high":71221.2109375,"low":71091.5625,"close":71161.0703125,"volume":0.0},{"timestamp":"2026-04-12T19:00:00+00:00","open":71158.640625,"high":71234.3046875,"low":71081.5859375,"close":71114.7265625,"volume":0.0},{"timestamp":"2026-04-12T20:00:00+00:00","open":71123.7421875,"high":71431.6953125,"low":70971.484375,"close":71359.3984375,"volume":137883648.0},{"timestamp":"2026-04-12T21:00:00+00:00","open":71349.5390625,"high":71452.2265625,"low":71243.9765625,"close":71284.375,"volume":0.0},{"timestamp":"2026-04-12T22:00:00+00:00","open":71345.109375,"high":71345.109375,"low":70593.453125,"close":70901.7890625,"volume":1398806528.0},{"timestamp":"2026-04-12T23:00:00+00:00","open":70917.5625,"high":70917.5625,"low":70601.0390625,"close":70757.6171875,"volume":224360448.0},{"timestamp":"2026-04-13T00:00:00+00:00","open":70741.296875,"high":71229.5703125,"low":70629.453125,"close":71159.4609375,"volume":292968448.0},{"timestamp":"2026-04-13T01:00:00+00:00","open":71174.0625,"high":71224.4453125,"low":71064.9140625,"close":71221.5,"volume":0.0},{"timestamp":"2026-04-13T02:00:00+00:00","open":71199.1796875,"high":71264.46875,"low":71017.8203125,"close":71080.9375,"volume":0.0},{"timestamp":"2026-04-13T03:00:00+00:00","open":71063.625,"high":71126.6328125,"low":70951.0078125,"close":70989.6875,"volume":0.0},{"timestamp":"2026-04-13T04:00:00+00:00","open":70994.0078125,"high":71120.4453125,"low":70866.296875,"close":70932.84375,"volume":450109440.0},{"timestamp":"2026-04-13T05:00:00+00:00","open":70904.03125,"high":70916.1796875,"low":70713.4921875,"close":70857.4375,"volume":975269888.0},{"timestamp":"2026-04-13T06:00:00+00:00","open":70870.625,"high":71077.578125,"low":70870.625,"close":71064.859375,"volume":1428049920.0},{"timestamp":"2026-04-13T07:00:00+00:00","open":71029.1484375,"high":71029.1484375,"low":70699.671875,"close":70831.3125,"volume":1218619392.0},{"timestamp":"2026-04-13T08:00:00+00:00","open":70810.34375,"high":70846.5078125,"low":70588.5234375,"close":70667.7890625,"volume":1922785280.0},{"timestamp":"2026-04-13T09:00:00+00:00","open":70667.7890625,"high":70881.15625,"low":70667.7890625,"close":70789.25,"volume":0.0},{"timestamp":"2026-04-13T10:00:00+00:00","open":70791.625,"high":70835.046875,"low":70727.5,"close":70745.5390625,"volume":0.0},{"timestamp":"2026-04-13T11:00:00+00:00","open":70738.1796875,"high":70959.546875,"low":70738.1796875,"close":70947.2109375,"volume":256931840.0},{"timestamp":"2026-04-13T12:00:00+00:00","open":70883.4453125,"high":71166.4765625,"low":70788.5,"close":71102.421875,"volume":43233280.0},{"timestamp":"2026-04-13T13:00:00+00:00","open":71127.4453125,"high":71608.9296875,"low":70859.5234375,"close":71608.9296875,"volume":1137176576.0},{"timestamp":"2026-04-13T14:00:00+00:00","open":71657.2890625,"high":72420.1171875,"low":71485.4453125,"close":72420.1171875,"volume":2789216256.0},{"timestamp":"2026-04-13T15:00:00+00:00","open":72408.421875,"high":72408.421875,"low":71691.8515625,"close":71838.046875,"volume":2246270976.0},{"timestamp":"2026-04-13T16:00:00+00:00","open":71909.3828125,"high":72436.6171875,"low":71728.9609375,"close":72204.7265625,"volume":2313646080.0},{"timestamp":"2026-04-13T17:00:00+00:00","open":72187.40625,"high":72560.015625,"low":72151.6171875,"close":72153.3984375,"volume":2198884352.0},{"timestamp":"2026-04-13T18:00:00+00:00","open":72156.2578125,"high":72481.546875,"low":72101.75,"close":72453.796875,"volume":1391271936.0},{"timestamp":"2026-04-13T19:00:00+00:00","open":72454.0078125,"high":73472.53125,"low":72327.703125,"close":73373.984375,"volume":3469111296.0},{"timestamp":"2026-04-13T20:00:00+00:00","open":73379.046875,"high":73379.046875,"low":73101.8046875,"close":73204.078125,"volume":1933516800.0},{"timestamp":"2026-04-13T21:00:00+00:00","open":73182.1171875,"high":73338.9609375,"low":73137.4140625,"close":73229.1640625,"volume":616419328.0},{"timestamp":"2026-04-13T22:00:00+00:00","open":73208.84375,"high":74699.296875,"low":73208.84375,"close":74640.609375,"volume":2595000320.0},{"timestamp":"2026-04-13T23:00:00+00:00","open":74546.9921875,"high":74856.671875,"low":74485.984375,"close":74532.7421875,"volume":2946129920.0},{"timestamp":"2026-04-14T00:00:00+00:00","open":74442.2265625,"high":74504.140625,"low":74162.0234375,"close":74162.0234375,"volume":108036096.0},{"timestamp":"2026-04-14T01:00:00+00:00","open":74145.921875,"high":74427.2734375,"low":74074.78125,"close":74378.9921875,"volume":2039922688.0},{"timestamp":"2026-04-14T02:00:00+00:00","open":74404.7109375,"high":74566.109375,"low":74317.484375,"close":74374.3671875,"volume":0.0},{"timestamp":"2026-04-14T03:00:00+00:00","open":74365.78125,"high":74499.0078125,"low":74291.6796875,"close":74454.3828125,"volume":392503296.0},{"timestamp":"2026-04-14T04:00:00+00:00","open":74450.8515625,"high":74512.1640625,"low":74391.2421875,"close":74397.703125,"volume":0.0},{"timestamp":"2026-04-14T05:00:00+00:00","open":74393.7578125,"high":74418.0859375,"low":74192.1875,"close":74209.84375,"volume":0.0},{"timestamp":"2026-04-14T06:00:00+00:00","open":74312.171875,"high":74565.7734375,"low":74299.1484375,"close":74565.7734375,"volume":238682112.0},{"timestamp":"2026-04-14T07:00:00+00:00","open":74551.2734375,"high":74930.4296875,"low":74511.1953125,"close":74547.5546875,"volume":1304555520.0},{"timestamp":"2026-04-14T08:00:00+00:00","open":74547.046875,"high":74901.6875,"low":74510.515625,"close":74776.1640625,"volume":905838592.0},{"timestamp":"2026-04-14T09:00:00+00:00","open":74770.9375,"high":74845.84375,"low":74469.1640625,"close":74538.09375,"volume":705634304.0},{"timestamp":"2026-04-14T10:00:00+00:00","open":74506.390625,"high":74638.0703125,"low":74363.4921875,"close":74423.4453125,"volume":603942912.0},{"timestamp":"2026-04-14T11:00:00+00:00","open":74395.28125,"high":74465.9609375,"low":74333.2734375,"close":74456.0,"volume":460406784.0},{"timestamp":"2026-04-14T12:00:00+00:00","open":74398.828125,"high":74457.5859375,"low":74297.015625,"close":74457.5859375,"volume":120107008.0},{"timestamp":"2026-04-14T13:00:00+00:00","open":74455.375,"high":75495.4765625,"low":74455.375,"close":75490.3984375,"volume":1937948672.0},{"timestamp":"2026-04-14T14:00:00+00:00","open":75532.8046875,"high":76009.03125,"low":75180.125,"close":75180.125,"volume":3226267648.0},{"timestamp":"2026-04-14T15:00:00+00:00","open":75090.1796875,"high":75423.8984375,"low":74743.2890625,"close":75407.8125,"volume":628097024.0},{"timestamp":"2026-04-14T16:00:00+00:00","open":75390.9609375,"high":75666.0390625,"low":74566.21875,"close":74566.21875,"volume":0.0},{"timestamp":"2026-04-14T17:00:00+00:00","open":74653.4140625,"high":74947.6328125,"low":74332.015625,"close":74766.5,"volume":0.0},{"timestamp":"2026-04-14T18:00:00+00:00","open":74806.2109375,"high":74809.5546875,"low":73946.8515625,"close":74097.0625,"volume":653688832.0},{"timestamp":"2026-04-14T19:00:00+00:00","open":74132.796875,"high":74403.9296875,"low":73960.7578125,"close":74265.8984375,"volume":0.0},{"timestamp":"2026-04-14T20:00:00+00:00","open":74329.203125,"high":74423.1484375,"low":74052.28125,"close":74052.28125,"volume":0.0},{"timestamp":"2026-04-14T21:00:00+00:00","open":74157.2109375,"high":74343.96875,"low":73989.09375,"close":74315.2890625,"volume":0.0},{"timestamp":"2026-04-14T22:00:00+00:00","open":74272.21875,"high":74413.2109375,"low":73905.1875,"close":74067.359375,"volume":0.0},{"timestamp":"2026-04-14T23:00:00+00:00","open":74067.3203125,"high":74269.2578125,"low":74046.1796875,"close":74184.671875,"volume":73728.0},{"timestamp":"2026-04-15T00:00:00+00:00","open":74170.09375,"high":74718.8203125,"low":74154.828125,"close":74597.890625,"volume":1786605568.0},{"timestamp":"2026-04-15T01:00:00+00:00","open":74591.34375,"high":74799.609375,"low":74531.2578125,"close":74649.0,"volume":0.0},{"timestamp":"2026-04-15T02:00:00+00:00","open":74640.8984375,"high":74738.0078125,"low":74220.0,"close":74360.390625,"volume":0.0},{"timestamp":"2026-04-15T03:00:00+00:00","open":74356.328125,"high":74405.109375,"low":74220.0,"close":74376.75,"volume":0.0},{"timestamp":"2026-04-15T04:00:00+00:00","open":74377.3125,"high":74470.0078125,"low":74295.9609375,"close":74354.171875,"volume":0.0},{"timestamp":"2026-04-15T05:00:00+00:00","open":74365.7265625,"high":74463.9765625,"low":73912.578125,"close":74054.953125,"volume":0.0},{"timestamp":"2026-04-15T06:00:00+00:00","open":74050.0078125,"high":74076.7890625,"low":73902.921875,"close":73942.46875,"volume":0.0},{"timestamp":"2026-04-15T07:00:00+00:00","open":73924.6484375,"high":74048.46875,"low":73573.03125,"close":73771.3515625,"volume":68005888.0},{"timestamp":"2026-04-15T08:00:00+00:00","open":73759.7890625,"high":74219.0078125,"low":73706.0,"close":74139.9921875,"volume":0.0},{"timestamp":"2026-04-15T09:00:00+00:00","open":74167.3515625,"high":74213.4296875,"low":73936.9921875,"close":74038.53125,"volume":0.0},{"timestamp":"2026-04-15T10:00:00+00:00","open":74033.0,"high":74255.7890625,"low":73822.03125,"close":73890.8984375,"volume":151773184.0},{"timestamp":"2026-04-15T11:00:00+00:00","open":73911.59375,"high":74281.6171875,"low":73894.0,"close":74232.65625,"volume":0.0},{"timestamp":"2026-04-15T12:00:00+00:00","open":74244.953125,"high":74494.203125,"low":74075.7578125,"close":74302.4765625,"volume":301113344.0},{"timestamp":"2026-04-15T13:00:00+00:00","open":74287.75,"high":74470.0,"low":73830.40625,"close":74071.3671875,"volume":0.0},{"timestamp":"2026-04-15T14:00:00+00:00","open":74086.03125,"high":74533.9921875,"low":73843.921875,"close":74163.1796875,"volume":0.0},{"timestamp":"2026-04-15T15:00:00+00:00","open":74164.40625,"high":74317.59375,"low":73623.7265625,"close":73868.0,"volume":0.0},{"timestamp":"2026-04-15T16:00:00+00:00","open":73856.046875,"high":74206.078125,"low":73779.65625,"close":73956.71875,"volume":0.0},{"timestamp":"2026-04-15T17:00:00+00:00","open":73993.96875,"high":74253.6015625,"low":73929.671875,"close":74154.7109375,"volume":0.0},{"timestamp":"2026-04-15T18:00:00+00:00","open":74140.640625,"high":74428.2890625,"low":74086.046875,"close":74414.40625,"volume":0.0},{"timestamp":"2026-04-15T19:00:00+00:00","open":74414.40625,"high":75303.75,"low":74395.0078125,"close":75065.578125,"volume":160878592.0},{"timestamp":"2026-04-15T20:00:00+00:00","open":75053.0,"high":75060.7578125,"low":74545.0,"close":74872.140625,"volume":200192000.0},{"timestamp":"2026-04-15T21:00:00+00:00","open":74851.2734375,"high":74888.8671875,"low":74572.078125,"close":74765.3671875,"volume":0.0},{"timestamp":"2026-04-15T22:00:00+00:00","open":74772.2890625,"high":75412.0,"low":74763.8984375,"close":74983.78125,"volume":0.0},{"timestamp":"2026-04-15T23:00:00+00:00","open":74980.9765625,"high":74980.9765625,"low":74639.78125,"close":74836.359375,"volume":0.0},{"timestamp":"2026-04-16T00:00:00+00:00","open":74845.609375,"high":74899.1484375,"low":74508.46875,"close":74820.2421875,"volume":0.0},{"timestamp":"2026-04-16T01:00:00+00:00","open":74835.3203125,"high":74835.3203125,"low":74488.109375,"close":74681.8671875,"volume":0.0},{"timestamp":"2026-04-16T02:00:00+00:00","open":74681.4609375,"high":75288.3515625,"low":74614.3828125,"close":74902.71875,"volume":382001152.0},{"timestamp":"2026-04-16T03:00:00+00:00","open":74887.921875,"high":75177.0,"low":74879.1484375,"close":74904.25,"volume":2016497664.0},{"timestamp":"2026-04-16T04:00:00+00:00","open":74902.2578125,"high":75186.453125,"low":74749.5625,"close":74964.6484375,"volume":0.0},{"timestamp":"2026-04-16T05:00:00+00:00","open":74949.96875,"high":75158.6328125,"low":74914.5625,"close":75058.0234375,"volume":217673728.0},{"timestamp":"2026-04-16T06:00:00+00:00","open":75076.8515625,"high":75130.4375,"low":74877.2421875,"close":75048.65625,"volume":98119680.0},{"timestamp":"2026-04-16T07:00:00+00:00","open":75028.921875,"high":75100.0,"low":74662.34375,"close":74721.5390625,"volume":0.0},{"timestamp":"2026-04-16T08:00:00+00:00","open":74721.546875,"high":74764.78125,"low":74535.4296875,"close":74697.7109375,"volume":804335616.0},{"timestamp":"2026-04-16T09:00:00+00:00","open":74679.25,"high":74927.828125,"low":74611.796875,"close":74612.671875,"volume":0.0},{"timestamp":"2026-04-16T10:00:00+00:00","open":74611.8828125,"high":74670.828125,"low":74288.5,"close":74323.9921875,"volume":0.0},{"timestamp":"2026-04-16T11:00:00+00:00","open":74327.9921875,"high":74601.65625,"low":74300.0078125,"close":74593.328125,"volume":396546048.0},{"timestamp":"2026-04-16T12:00:00+00:00","open":74593.328125,"high":74868.453125,"low":74593.328125,"close":74637.640625,"volume":0.0},{"timestamp":"2026-04-16T13:00:00+00:00","open":74628.7890625,"high":75026.2734375,"low":73328.0,"close":73792.1796875,"volume":937250816.0},{"timestamp":"2026-04-16T14:00:00+00:00","open":73782.1875,"high":74198.5078125,"low":73425.8515625,"close":73973.203125,"volume":372477952.0},{"timestamp":"2026-04-16T15:00:00+00:00","open":73969.7421875,"high":74884.0078125,"low":73941.9921875,"close":74719.9921875,"volume":1685315584.0},{"timestamp":"2026-04-16T16:00:00+00:00","open":74746.0234375,"high":74956.4296875,"low":74079.96875,"close":74186.03125,"volume":538931200.0},{"timestamp":"2026-04-16T17:00:00+00:00","open":74167.890625,"high":74459.40625,"low":73917.140625,"close":74346.0,"volume":130420736.0},{"timestamp":"2026-04-16T18:00:00+00:00","open":74354.03125,"high":75092.3125,"low":74250.09375,"close":75054.4375,"volume":0.0},{"timestamp":"2026-04-16T19:00:00+00:00","open":75102.0,"high":75429.609375,"low":74770.8203125,"close":75371.9765625,"volume":964886528.0},{"timestamp":"2026-04-16T20:00:00+00:00","open":75384.9375,"high":75539.90625,"low":75020.96875,"close":75245.9921875,"volume":128495616.0},{"timestamp":"2026-04-16T21:00:00+00:00","open":75252.2109375,"high":75300.0,"low":74827.8125,"close":74956.9765625,"volume":121356288.0},{"timestamp":"2026-04-16T22:00:00+00:00","open":74966.2578125,"high":75139.453125,"low":74853.75,"close":74888.609375,"volume":0.0},{"timestamp":"2026-04-16T23:00:00+00:00","open":74866.40625,"high":75198.4609375,"low":74847.96875,"close":75163.09375,"volume":0.0},{"timestamp":"2026-04-17T00:00:00+00:00","open":75156.7421875,"high":75179.8515625,"low":74905.90625,"close":74955.9921875,"volume":0.0},{"timestamp":"2026-04-17T01:00:00+00:00","open":74960.6171875,"high":75061.3515625,"low":74594.4765625,"close":74763.890625,"volume":51539968.0},{"timestamp":"2026-04-17T02:00:00+00:00","open":74759.859375,"high":74830.8984375,"low":74562.671875,"close":74728.546875,"volume":0.0},{"timestamp":"2026-04-17T03:00:00+00:00","open":74729.953125,"high":74860.109375,"low":74623.71875,"close":74633.1484375,"volume":0.0},{"timestamp":"2026-04-17T04:00:00+00:00","open":74641.109375,"high":74867.9375,"low":74603.9921875,"close":74810.0078125,"volume":0.0},{"timestamp":"2026-04-17T05:00:00+00:00","open":74810.0,"high":74823.109375,"low":74575.0,"close":74656.5625,"volume":0.0},{"timestamp":"2026-04-17T06:00:00+00:00","open":74645.0234375,"high":74964.25,"low":74614.46875,"close":74964.25,"volume":0.0},{"timestamp":"2026-04-17T07:00:00+00:00","open":74960.9609375,"high":75122.609375,"low":74954.7421875,"close":75085.9921875,"volume":61296640.0},{"timestamp":"2026-04-17T08:00:00+00:00","open":75095.40625,"high":75890.671875,"low":75015.359375,"close":75787.4921875,"volume":619696128.0},{"timestamp":"2026-04-17T09:00:00+00:00","open":75803.578125,"high":76386.671875,"low":75550.1015625,"close":75811.4375,"volume":2566205440.0},{"timestamp":"2026-04-17T10:00:00+00:00","open":75811.453125,"high":75909.7890625,"low":75124.2265625,"close":75303.2421875,"volume":1024786432.0},{"timestamp":"2026-04-17T11:00:00+00:00","open":75292.5078125,"high":75631.84375,"low":75273.75,"close":75622.578125,"volume":0.0},{"timestamp":"2026-04-17T12:00:00+00:00","open":75661.359375,"high":76297.9609375,"low":75567.9921875,"close":76296.0234375,"volume":779100160.0},{"timestamp":"2026-04-17T13:00:00+00:00","open":76270.21875,"high":77456.0625,"low":76101.84375,"close":77385.9921875,"volume":5033406464.0},{"timestamp":"2026-04-17T14:00:00+00:00","open":77434.4609375,"high":78146.25,"low":77065.0703125,"close":77979.0,"volume":3173928960.0},{"timestamp":"2026-04-17T15:00:00+00:00","open":77977.5078125,"high":78060.09375,"low":77497.0,"close":77838.4375,"volume":1281085440.0},{"timestamp":"2026-04-17T16:00:00+00:00","open":77844.0390625,"high":78344.3671875,"low":77778.7578125,"close":77907.28125,"volume":778620928.0},{"timestamp":"2026-04-17T17:00:00+00:00","open":77898.7578125,"high":77974.0625,"low":77156.0,"close":77568.0078125,"volume":973885440.0},{"timestamp":"2026-04-17T18:00:00+00:00","open":77557.5,"high":77613.7421875,"low":77124.0,"close":77199.953125,"volume":126701568.0},{"timestamp":"2026-04-17T19:00:00+00:00","open":77223.7421875,"high":77518.8515625,"low":77061.59375,"close":77515.21875,"volume":0.0},{"timestamp":"2026-04-17T20:00:00+00:00","open":77481.9921875,"high":77650.40625,"low":77188.671875,"close":77380.0,"volume":0.0},{"timestamp":"2026-04-17T21:00:00+00:00","open":77373.2578125,"high":77531.2421875,"low":77310.0,"close":77475.0,"volume":0.0},{"timestamp":"2026-04-17T22:00:00+00:00","open":77448.7421875,"high":77551.5234375,"low":77302.5,"close":77339.9375,"volume":221704192.0},{"timestamp":"2026-04-17T23:00:00+00:00","open":77328.0234375,"high":77337.8515625,"low":76935.0234375,"close":77098.0078125,"volume":370642944.0},{"timestamp":"2026-04-18T00:00:00+00:00","open":77090.53125,"high":77287.4609375,"low":77010.0,"close":77195.9921875,"volume":0.0},{"timestamp":"2026-04-18T01:00:00+00:00","open":77216.2421875,"high":77364.7421875,"low":77148.7578125,"close":77250.6015625,"volume":0.0},{"timestamp":"2026-04-18T02:00:00+00:00","open":77251.9765625,"high":77447.4296875,"low":77154.296875,"close":77321.25,"volume":0.0},{"timestamp":"2026-04-18T03:00:00+00:00","open":77325.609375,"high":77328.75,"low":77002.0625,"close":77034.828125,"volume":0.0},{"timestamp":"2026-04-18T04:00:00+00:00","open":77045.9609375,"high":77197.5,"low":76934.9921875,"close":77148.75,"volume":402907136.0},{"timestamp":"2026-04-18T05:00:00+00:00","open":77144.0234375,"high":77287.5,"low":77144.0234375,"close":77168.296875,"volume":52015104.0},{"timestamp":"2026-04-18T06:00:00+00:00","open":77164.4609375,"high":77253.1875,"low":77091.0,"close":77160.0,"volume":0.0},{"timestamp":"2026-04-18T07:00:00+00:00","open":77140.0,"high":77162.0234375,"low":76923.078125,"close":77020.0078125,"volume":0.0},{"timestamp":"2026-04-18T08:00:00+00:00","open":77020.0234375,"high":77070.390625,"low":76534.0234375,"close":76760.0234375,"volume":0.0},{"timestamp":"2026-04-18T09:00:00+00:00","open":76732.5,"high":76743.7421875,"low":76447.5078125,"close":76631.2578125,"volume":0.0},{"timestamp":"2026-04-18T10:00:00+00:00","open":76627.5,"high":76627.5,"low":76170.7265625,"close":76222.4921875,"volume":0.0},{"timestamp":"2026-04-18T11:00:00+00:00","open":76222.5,"high":76222.5,"low":75797.9921875,"close":76069.4609375,"volume":0.0},{"timestamp":"2026-04-18T12:00:00+00:00","open":76084.9765625,"high":76317.6171875,"low":76070.9921875,"close":76239.7578125,"volume":0.0},{"timestamp":"2026-04-18T13:00:00+00:00","open":76230.828125,"high":76248.7421875,"low":75824.0703125,"close":76148.640625,"volume":0.0},{"timestamp":"2026-04-18T14:00:00+00:00","open":76169.46875,"high":76314.09375,"low":76018.2578125,"close":76280.609375,"volume":0.0},{"timestamp":"2026-04-18T15:00:00+00:00","open":76267.5,"high":76387.4921875,"low":76060.03125,"close":76191.71875,"volume":0.0},{"timestamp":"2026-04-18T16:00:00+00:00","open":76191.7109375,"high":76249.9765625,"low":75752.6328125,"close":75968.1171875,"volume":0.0},{"timestamp":"2026-04-18T17:00:00+00:00","open":75955.4765625,"high":75988.96875,"low":75822.0,"close":75852.1328125,"volume":0.0},{"timestamp":"2026-04-18T18:00:00+00:00","open":75852.0,"high":75872.703125,"low":75498.0078125,"close":75672.453125,"volume":0.0},{"timestamp":"2026-04-18T19:00:00+00:00","open":75654.0078125,"high":75834.453125,"low":75606.21875,"close":75682.1328125,"volume":0.0},{"timestamp":"2026-04-18T20:00:00+00:00","open":75678.8984375,"high":75875.828125,"low":75633.6328125,"close":75784.953125,"volume":0.0},{"timestamp":"2026-04-18T21:00:00+00:00","open":75779.03125,"high":75875.828125,"low":75632.6796875,"close":75854.5703125,"volume":0.0},{"timestamp":"2026-04-18T22:00:00+00:00","open":75856.1875,"high":75904.8984375,"low":75643.3828125,"close":75847.9765625,"volume":0.0},{"timestamp":"2026-04-18T23:00:00+00:00","open":75862.2890625,"high":75901.703125,"low":75730.59375,"close":75736.8203125,"volume":0.0},{"timestamp":"2026-04-19T00:00:00+00:00","open":75736.0,"high":75884.0078125,"low":75590.1796875,"close":75708.0,"volume":0.0},{"timestamp":"2026-04-19T01:00:00+00:00","open":75723.5,"high":75827.2890625,"low":75484.078125,"close":75652.1015625,"volume":129032192.0},{"timestamp":"2026-04-19T02:00:00+00:00","open":75639.3828125,"high":75730.09375,"low":75446.4375,"close":75530.3203125,"volume":53024768.0},{"timestamp":"2026-04-19T03:00:00+00:00","open":75523.8671875,"high":75668.0,"low":75391.4296875,"close":75546.4921875,"volume":71456768.0},{"timestamp":"2026-04-19T04:00:00+00:00","open":75551.9921875,"high":75806.7421875,"low":75462.4609375,"close":75700.0078125,"volume":0.0},{"timestamp":"2026-04-19T05:00:00+00:00","open":75700.0078125,"high":75726.0625,"low":75549.6875,"close":75580.0078125,"volume":0.0},{"timestamp":"2026-04-19T06:00:00+00:00","open":75572.3125,"high":75584.7890625,"low":75336.96875,"close":75429.7421875,"volume":337053696.0},{"timestamp":"2026-04-19T07:00:00+00:00","open":75426.953125,"high":75434.921875,"low":74942.0,"close":75291.1171875,"volume":855674880.0},{"timestamp":"2026-04-19T08:00:00+00:00","open":75281.328125,"high":75336.5234375,"low":75107.203125,"close":75299.078125,"volume":0.0},{"timestamp":"2026-04-19T09:00:00+00:00","open":75293.171875,"high":75308.890625,"low":74961.828125,"close":75055.421875,"volume":0.0},{"timestamp":"2026-04-19T10:00:00+00:00","open":75026.0,"high":75272.609375,"low":74971.5390625,"close":75246.078125,"volume":0.0},{"timestamp":"2026-04-19T11:00:00+00:00","open":75249.0,"high":75653.0703125,"low":75242.0234375,"close":75634.8671875,"volume":0.0},{"timestamp":"2026-04-19T12:00:00+00:00","open":75646.59375,"high":75730.4921875,"low":75488.328125,"close":75611.90625,"volume":0.0},{"timestamp":"2026-04-19T13:00:00+00:00","open":75588.3515625,"high":76260.296875,"low":75588.3515625,"close":75958.0,"volume":536588288.0},{"timestamp":"2026-04-19T14:00:00+00:00","open":75950.2265625,"high":76167.0,"low":75714.7109375,"close":76064.9609375,"volume":266915840.0},{"timestamp":"2026-04-19T15:00:00+00:00","open":76071.6328125,"high":76189.0,"low":75458.109375,"close":75884.7734375,"volume":1075015680.0},{"timestamp":"2026-04-19T16:00:00+00:00","open":75885.6171875,"high":75895.296875,"low":75360.1015625,"close":75416.0234375,"volume":0.0},{"timestamp":"2026-04-19T17:00:00+00:00","open":75381.75,"high":75414.03125,"low":74693.8828125,"close":74801.0078125,"volume":425570304.0},{"timestamp":"2026-04-19T18:00:00+00:00","open":74821.5390625,"high":74915.046875,"low":74645.8125,"close":74806.7109375,"volume":642525184.0},{"timestamp":"2026-04-19T19:00:00+00:00","open":74846.28125,"high":75100.7265625,"low":74846.28125,"close":74985.0390625,"volume":272711680.0},{"timestamp":"2026-04-19T20:00:00+00:00","open":74985.046875,"high":74985.046875,"low":74476.359375,"close":74661.453125,"volume":0.0},{"timestamp":"2026-04-19T21:00:00+00:00","open":74662.546875,"high":74842.15625,"low":74408.65625,"close":74461.203125,"volume":505593856.0},{"timestamp":"2026-04-19T22:00:00+00:00","open":74427.9765625,"high":74440.8984375,"low":73799.046875,"close":74073.59375,"volume":2095738880.0},{"timestamp":"2026-04-19T23:00:00+00:00","open":74060.8828125,"high":74080.046875,"low":73820.1875,"close":73820.1875,"volume":628639744.0},{"timestamp":"2026-04-20T00:00:00+00:00","open":73814.6875,"high":74387.828125,"low":73768.0,"close":74317.921875,"volume":972533760.0},{"timestamp":"2026-04-20T01:00:00+00:00","open":74296.8125,"high":74770.8828125,"low":74239.8125,"close":74621.421875,"volume":524847104.0},{"timestamp":"2026-04-20T02:00:00+00:00","open":74648.0625,"high":74648.5390625,"low":74338.453125,"close":74444.046875,"volume":387602432.0},{"timestamp":"2026-04-20T03:00:00+00:00","open":74440.296875,"high":74674.0078125,"low":74390.1328125,"close":74667.90625,"volume":237033472.0},{"timestamp":"2026-04-20T04:00:00+00:00","open":74667.90625,"high":74669.1875,"low":74469.0390625,"close":74590.390625,"volume":0.0},{"timestamp":"2026-04-20T05:00:00+00:00","open":74584.359375,"high":74590.3984375,"low":74136.9375,"close":74297.921875,"volume":346931200.0},{"timestamp":"2026-04-20T06:00:00+00:00","open":74317.9375,"high":74916.9921875,"low":74283.5390625,"close":74820.1796875,"volume":234817536.0},{"timestamp":"2026-04-20T07:00:00+00:00","open":74842.03125,"high":75588.8828125,"low":74693.4375,"close":74857.640625,"volume":489672704.0},{"timestamp":"2026-04-20T08:00:00+00:00","open":74861.0,"high":75026.953125,"low":74649.6796875,"close":74761.7578125,"volume":597123072.0},{"timestamp":"2026-04-20T09:00:00+00:00","open":74737.9765625,"high":75269.640625,"low":74726.109375,"close":75100.453125,"volume":463020032.0},{"timestamp":"2026-04-20T10:00:00+00:00","open":75130.3828125,"high":75439.8515625,"low":75042.1796875,"close":75068.6796875,"volume":41537536.0},{"timestamp":"2026-04-20T11:00:00+00:00","open":75068.7265625,"high":75319.1796875,"low":74997.6484375,"close":75223.96875,"volume":0.0},{"timestamp":"2026-04-20T12:00:00+00:00","open":75218.03125,"high":75672.8125,"low":75108.0,"close":75328.90625,"volume":466120704.0},{"timestamp":"2026-04-20T13:00:00+00:00","open":75331.546875,"high":75470.8203125,"low":74912.3671875,"close":75309.2890625,"volume":71524352.0},{"timestamp":"2026-04-20T14:00:00+00:00","open":75299.2734375,"high":75762.15625,"low":74958.859375,"close":75038.6875,"volume":1182838784.0},{"timestamp":"2026-04-20T15:00:00+00:00","open":75095.1171875,"high":75763.09375,"low":74733.75,"close":75747.078125,"volume":651075584.0},{"timestamp":"2026-04-20T16:00:00+00:00","open":75743.78125,"high":75743.78125,"low":75328.0,"close":75367.1328125,"volume":407003136.0},{"timestamp":"2026-04-20T17:00:00+00:00","open":75383.46875,"high":75998.1484375,"low":75327.0078125,"close":75937.3125,"volume":0.0},{"timestamp":"2026-04-20T18:00:00+00:00","open":75973.0390625,"high":76484.3515625,"low":75944.15625,"close":76450.0,"volume":623157248.0},{"timestamp":"2026-04-20T19:00:00+00:00","open":76483.3828125,"high":76523.3203125,"low":76187.53125,"close":76322.0078125,"volume":1873649664.0},{"timestamp":"2026-04-20T20:00:00+00:00","open":76304.0,"high":76591.65625,"low":76166.0078125,"close":76317.28125,"volume":1115488256.0},{"timestamp":"2026-04-20T21:00:00+00:00","open":76330.0,"high":76405.7265625,"low":75815.9921875,"close":75988.0,"volume":287932416.0},{"timestamp":"2026-04-20T22:00:00+00:00","open":76001.9765625,"high":76179.4375,"low":75933.0234375,"close":76004.671875,"volume":0.0},{"timestamp":"2026-04-20T23:00:00+00:00","open":75900.0,"high":75943.0234375,"low":75653.7109375,"close":75864.859375,"volume":0.0},{"timestamp":"2026-04-21T00:00:00+00:00","open":75869.5,"high":76128.6796875,"low":75724.84375,"close":76127.09375,"volume":0.0},{"timestamp":"2026-04-21T01:00:00+00:00","open":76095.8203125,"high":76278.0078125,"low":75902.890625,"close":75955.0703125,"volume":0.0},{"timestamp":"2026-04-21T02:00:00+00:00","open":75943.71875,"high":75965.09375,"low":75612.0,"close":75613.75,"volume":0.0},{"timestamp":"2026-04-21T03:00:00+00:00","open":75608.7421875,"high":75747.390625,"low":75520.0,"close":75740.578125,"volume":0.0},{"timestamp":"2026-04-21T04:00:00+00:00","open":75754.4765625,"high":75850.71875,"low":75633.28125,"close":75840.546875,"volume":0.0},{"timestamp":"2026-04-21T05:00:00+00:00","open":75840.0,"high":76010.640625,"low":75817.5703125,"close":75835.7734375,"volume":0.0},{"timestamp":"2026-04-21T06:00:00+00:00","open":75835.7734375,"high":76152.671875,"low":75731.171875,"close":76001.828125,"volume":0.0},{"timestamp":"2026-04-21T07:00:00+00:00","open":76001.828125,"high":76321.0,"low":75873.203125,"close":76118.09375,"volume":52444172288.0},{"timestamp":"2026-04-21T08:00:00+00:00","open":76124.1328125,"high":76867.6875,"low":76094.0,"close":76545.6484375,"volume":467214336.0},{"timestamp":"2026-04-21T09:00:00+00:00","open":76545.6015625,"high":76578.03125,"low":76187.1484375,"close":76388.0234375,"volume":0.0},{"timestamp":"2026-04-21T10:00:00+00:00","open":76391.359375,"high":76902.2109375,"low":76388.0078125,"close":76775.1328125,"volume":326430720.0},{"timestamp":"2026-04-21T11:00:00+00:00","open":76789.34375,"high":76789.34375,"low":76370.578125,"close":76478.6171875,"volume":612114432.0},{"timestamp":"2026-04-21T12:00:00+00:00","open":76485.3125,"high":76549.9921875,"low":75770.0,"close":76039.8984375,"volume":274640896.0},{"timestamp":"2026-04-21T13:00:00+00:00","open":76049.828125,"high":76194.6171875,"low":75761.78125,"close":75919.1328125,"volume":29853859840.0},{"timestamp":"2026-04-21T14:00:00+00:00","open":75942.8984375,"high":76588.8671875,"low":75650.8828125,"close":75681.7109375,"volume":0.0},{"timestamp":"2026-04-21T15:00:00+00:00","open":75743.328125,"high":75987.8515625,"low":75533.546875,"close":75850.8203125,"volume":0.0},{"timestamp":"2026-04-21T16:00:00+00:00","open":75888.15625,"high":76198.0,"low":75773.609375,"close":75800.3515625,"volume":0.0},{"timestamp":"2026-04-21T17:00:00+00:00","open":75775.8671875,"high":75909.1484375,"low":75098.9921875,"close":75567.2578125,"volume":0.0},{"timestamp":"2026-04-21T18:00:00+00:00","open":75544.078125,"high":75665.8984375,"low":75319.890625,"close":75622.7890625,"volume":0.0},{"timestamp":"2026-04-21T19:00:00+00:00","open":75628.078125,"high":75909.5,"low":74825.9921875,"close":75019.9921875,"volume":0.0},{"timestamp":"2026-04-21T20:00:00+00:00","open":75009.0625,"high":75865.9921875,"low":74989.5390625,"close":75743.71875,"volume":0.0},{"timestamp":"2026-04-21T21:00:00+00:00","open":75740.6796875,"high":75796.6796875,"low":75469.859375,"close":75565.0078125,"volume":0.0},{"timestamp":"2026-04-21T22:00:00+00:00","open":75566.1484375,"high":75662.140625,"low":75325.1484375,"close":75662.0078125,"volume":115748864.0},{"timestamp":"2026-04-21T23:00:00+00:00","open":75648.0,"high":76444.9765625,"low":75648.0,"close":76346.8125,"volume":343629824.0},{"timestamp":"2026-04-22T00:00:00+00:00","open":76362.9296875,"high":76519.9921875,"low":76234.046875,"close":76380.46875,"volume":11161600.0},{"timestamp":"2026-04-22T01:00:00+00:00","open":76359.6484375,"high":76432.9375,"low":76156.7421875,"close":76315.6484375,"volume":16044032.0},{"timestamp":"2026-04-22T02:00:00+00:00","open":76330.0,"high":77668.0,"low":76242.8828125,"close":77626.0078125,"volume":1683529728.0},{"timestamp":"2026-04-22T03:00:00+00:00","open":77627.359375,"high":77746.8828125,"low":77430.0,"close":77549.65625,"volume":1451786240.0},{"timestamp":"2026-04-22T04:00:00+00:00","open":77541.546875,"high":77711.1875,"low":77386.0,"close":77535.953125,"volume":753033216.0},{"timestamp":"2026-04-22T05:00:00+00:00","open":77552.03125,"high":78429.28125,"low":77464.0,"close":77991.9921875,"volume":2779820032.0},{"timestamp":"2026-04-22T06:00:00+00:00","open":78000.75,"high":78050.7421875,"low":77908.0,"close":78024.8828125,"volume":737804288.0},{"timestamp":"2026-04-22T07:00:00+00:00","open":78027.609375,"high":78124.6015625,"low":77834.953125,"close":78025.796875,"volume":0.0},{"timestamp":"2026-04-22T08:00:00+00:00","open":78055.2109375,"high":78218.0,"low":77960.3515625,"close":78029.703125,"volume":230256640.0},{"timestamp":"2026-04-22T09:00:00+00:00","open":78008.7578125,"high":78194.03125,"low":77971.3125,"close":78015.5625,"volume":18178048.0},{"timestamp":"2026-04-22T10:00:00+00:00","open":78033.3515625,"high":78192.5078125,"low":77964.1171875,"close":78175.703125,"volume":60895232.0},{"timestamp":"2026-04-22T11:00:00+00:00","open":78197.59375,"high":78394.703125,"low":78120.9609375,"close":78322.546875,"volume":0.0},{"timestamp":"2026-04-22T12:00:00+00:00","open":78329.0,"high":78514.7890625,"low":78141.8984375,"close":78262.8984375,"volume":142364672.0},{"timestamp":"2026-04-22T13:00:00+00:00","open":78252.3515625,"high":78887.4296875,"low":78204.1015625,"close":78887.4296875,"volume":1212329984.0},{"timestamp":"2026-04-22T14:00:00+00:00","open":78897.4609375,"high":79178.8515625,"low":78612.3125,"close":79080.8984375,"volume":1833050112.0},{"timestamp":"2026-04-22T15:00:00+00:00","open":79088.203125,"high":79450.0,"low":78867.390625,"close":79323.609375,"volume":864710656.0},{"timestamp":"2026-04-22T16:00:00+00:00","open":79368.0078125,"high":79502.78125,"low":78674.0,"close":78779.2890625,"volume":912244736.0},{"timestamp":"2026-04-22T17:00:00+00:00","open":78782.46875,"high":79073.4765625,"low":78729.9296875,"close":78922.9921875,"volume":0.0},{"timestamp":"2026-04-22T18:00:00+00:00","open":78961.2734375,"high":79193.6171875,"low":78854.6015625,"close":79062.453125,"volume":0.0},{"timestamp":"2026-04-22T19:00:00+00:00","open":79013.9375,"high":79106.3984375,"low":78734.1484375,"close":78885.7421875,"volume":0.0},{"timestamp":"2026-04-22T20:00:00+00:00","open":78915.8828125,"high":78952.0,"low":78445.796875,"close":78459.828125,"volume":0.0},{"timestamp":"2026-04-22T21:00:00+00:00","open":78447.0234375,"high":78858.2421875,"low":78447.0234375,"close":78794.7578125,"volume":539648000.0},{"timestamp":"2026-04-22T22:00:00+00:00","open":78785.2421875,"high":78865.078125,"low":78487.28125,"close":78642.8984375,"volume":55644160.0},{"timestamp":"2026-04-22T23:00:00+00:00","open":78623.9765625,"high":78635.6015625,"low":78195.796875,"close":78208.5078125,"volume":77496320.0},{"timestamp":"2026-04-23T00:00:00+00:00","open":78241.203125,"high":78608.9296875,"low":77630.328125,"close":78449.546875,"volume":433913856.0},{"timestamp":"2026-04-23T01:00:00+00:00","open":78442.1484375,"high":78482.296875,"low":78093.3125,"close":78379.2109375,"volume":1216458752.0},{"timestamp":"2026-04-23T02:00:00+00:00","open":78387.390625,"high":78387.390625,"low":77789.59375,"close":77967.453125,"volume":0.0},{"timestamp":"2026-04-23T03:00:00+00:00","open":77969.609375,"high":78050.4375,"low":77501.59375,"close":77742.5703125,"volume":122421248.0},{"timestamp":"2026-04-23T04:00:00+00:00","open":77766.8984375,"high":77968.640625,"low":77699.2734375,"close":77937.7265625,"volume":0.0},{"timestamp":"2026-04-23T05:00:00+00:00","open":77948.09375,"high":78116.3984375,"low":77800.03125,"close":78032.90625,"volume":0.0},{"timestamp":"2026-04-23T06:00:00+00:00","open":78066.203125,"high":78370.4921875,"low":78066.203125,"close":78240.0,"volume":0.0},{"timestamp":"2026-04-23T07:00:00+00:00","open":78259.9921875,"high":78281.7734375,"low":78008.0703125,"close":78086.140625,"volume":0.0},{"timestamp":"2026-04-23T08:00:00+00:00","open":78070.8828125,"high":78204.296875,"low":77744.9921875,"close":77877.34375,"volume":0.0},{"timestamp":"2026-04-23T09:00:00+00:00","open":77877.34375,"high":77885.96875,"low":77467.7578125,"close":77672.03125,"volume":660836352.0},{"timestamp":"2026-04-23T10:00:00+00:00","open":77653.6796875,"high":77737.90625,"low":77216.890625,"close":77425.90625,"volume":1202446336.0},{"timestamp":"2026-04-23T11:00:00+00:00","open":77459.4609375,"high":77771.34375,"low":77407.6328125,"close":77722.296875,"volume":0.0},{"timestamp":"2026-04-23T12:00:00+00:00","open":77722.296875,"high":77904.09375,"low":77588.0390625,"close":77904.09375,"volume":0.0},{"timestamp":"2026-04-23T13:00:00+00:00","open":77894.0078125,"high":77946.390625,"low":77421.15625,"close":77559.6796875,"volume":0.0},{"timestamp":"2026-04-23T14:00:00+00:00","open":77534.1015625,"high":78240.9375,"low":77437.4375,"close":78216.578125,"volume":0.0},{"timestamp":"2026-04-23T15:00:00+00:00","open":78210.59375,"high":78716.328125,"low":78012.0390625,"close":78413.1796875,"volume":0.0},{"timestamp":"2026-04-23T16:00:00+00:00","open":78420.71875,"high":78540.8203125,"low":78066.3671875,"close":78143.3984375,"volume":0.0},{"timestamp":"2026-04-23T17:00:00+00:00","open":78148.6328125,"high":78218.5234375,"low":76982.9765625,"close":77796.421875,"volume":1448624128.0},{"timestamp":"2026-04-23T18:00:00+00:00","open":77791.3984375,"high":78169.59375,"low":77697.7890625,"close":77739.09375,"volume":406519808.0},{"timestamp":"2026-04-23T19:00:00+00:00","open":77698.296875,"high":77919.5234375,"low":77629.15625,"close":77745.296875,"volume":236609536.0},{"timestamp":"2026-04-23T20:00:00+00:00","open":77740.9296875,"high":78067.15625,"low":77669.8984375,"close":77906.1015625,"volume":0.0},{"timestamp":"2026-04-23T21:00:00+00:00","open":77906.6015625,"high":78091.9609375,"low":77811.6875,"close":77901.0390625,"volume":0.0},{"timestamp":"2026-04-23T22:00:00+00:00","open":77909.203125,"high":78357.15625,"low":77909.203125,"close":78257.140625,"volume":0.0},{"timestamp":"2026-04-23T23:00:00+00:00","open":78216.09375,"high":78327.6015625,"low":78051.8125,"close":78281.1484375,"volume":0.0},{"timestamp":"2026-04-24T00:00:00+00:00","open":78312.109375,"high":78516.328125,"low":78192.2734375,"close":78446.0234375,"volume":0.0},{"timestamp":"2026-04-24T01:00:00+00:00","open":78447.171875,"high":78483.0703125,"low":77992.28125,"close":78464.1015625,"volume":0.0},{"timestamp":"2026-04-24T02:00:00+00:00","open":78451.703125,"high":78601.7109375,"low":78100.359375,"close":78154.1015625,"volume":0.0},{"timestamp":"2026-04-24T03:00:00+00:00","open":78166.4921875,"high":78198.96875,"low":77590.5234375,"close":77755.390625,"volume":39755776.0},{"timestamp":"2026-04-24T04:00:00+00:00","open":77744.90625,"high":77871.9375,"low":77532.90625,"close":77682.90625,"volume":117673984.0},{"timestamp":"2026-04-24T05:00:00+00:00","open":77673.6015625,"high":78037.2421875,"low":77468.0,"close":77971.828125,"volume":0.0},{"timestamp":"2026-04-24T06:00:00+00:00","open":77989.7890625,"high":77999.09375,"low":77790.2734375,"close":77813.1171875,"volume":0.0},{"timestamp":"2026-04-24T07:00:00+00:00","open":77804.6796875,"high":77880.28125,"low":77587.84375,"close":77676.9609375,"volume":466751488.0},{"timestamp":"2026-04-24T08:00:00+00:00","open":77676.9609375,"high":78029.9765625,"low":77593.203125,"close":77808.7265625,"volume":0.0},{"timestamp":"2026-04-24T09:00:00+00:00","open":77811.4296875,"high":77826.078125,"low":77436.0,"close":77551.890625,"volume":0.0},{"timestamp":"2026-04-24T10:00:00+00:00","open":77528.6171875,"high":77800.71875,"low":77457.2109375,"close":77765.3515625,"volume":0.0},{"timestamp":"2026-04-24T11:00:00+00:00","open":77769.2265625,"high":78397.3203125,"low":77762.453125,"close":78256.1328125,"volume":1135370240.0},{"timestamp":"2026-04-24T12:00:00+00:00","open":78267.28125,"high":78366.46875,"low":78058.75,"close":78298.78125,"volume":0.0},{"timestamp":"2026-04-24T13:00:00+00:00","open":78292.6796875,"high":78466.890625,"low":77932.796875,"close":78107.84375,"volume":300425216.0},{"timestamp":"2026-04-24T14:00:00+00:00","open":78073.8125,"high":78095.1171875,"low":77709.546875,"close":78074.15625,"volume":260997120.0},{"timestamp":"2026-04-24T15:00:00+00:00","open":78060.7421875,"high":78217.75,"low":77602.75,"close":78070.7578125,"volume":0.0},{"timestamp":"2026-04-24T16:00:00+00:00","open":78069.359375,"high":78084.5390625,"low":77613.3125,"close":77804.0390625,"volume":31268864.0},{"timestamp":"2026-04-24T17:00:00+00:00","open":77764.6328125,"high":77839.6015625,"low":77502.59375,"close":77705.53125,"volume":0.0},{"timestamp":"2026-04-24T18:00:00+00:00","open":77695.5,"high":77741.890625,"low":77385.046875,"close":77637.609375,"volume":0.0},{"timestamp":"2026-04-24T19:00:00+00:00","open":77655.0,"high":77769.1484375,"low":77555.6015625,"close":77661.8203125,"volume":0.0},{"timestamp":"2026-04-24T20:00:00+00:00","open":77648.390625,"high":77784.3125,"low":77478.3203125,"close":77748.6875,"volume":0.0},{"timestamp":"2026-04-24T21:00:00+00:00","open":77736.0,"high":77785.0,"low":77565.4375,"close":77565.4375,"volume":263231488.0},{"timestamp":"2026-04-24T22:00:00+00:00","open":77572.0390625,"high":77650.71875,"low":77309.6015625,"close":77360.78125,"volume":392822784.0},{"timestamp":"2026-04-24T23:00:00+00:00","open":77375.6171875,"high":77484.96875,"low":77358.8203125,"close":77461.7890625,"volume":217126912.0},{"timestamp":"2026-04-25T00:00:00+00:00","open":77466.03125,"high":77518.6015625,"low":77340.046875,"close":77483.4296875,"volume":0.0},{"timestamp":"2026-04-25T01:00:00+00:00","open":77498.0234375,"high":77645.4609375,"low":77461.0078125,"close":77559.96875,"volume":0.0}