{"updated_at":"2026-05-06T09:50:08.284276+00:00","pairs":[{"pair":"BTC","config":{"pair":"BTC","lower":69320.69453125,"upper":80552.68828125,"n_levels":12,"capital_usd":1000.0,"fee_rate":0.001},"levels":[69320.6945,70273.5245,71239.4513,72218.6551,73211.3182,74217.6257,75237.7652,76271.9267,77320.3031,78383.0896,79460.4844,80552.6883],"fills":[{"timestamp":"2026-04-07T00:00:00+00:00","side":"buy","price":69320.69453125,"qty":0.0013114278719193846,"level_idx":0,"pnl_usd":0.0},{"timestamp":"2026-04-07T00:00:00+00:00","side":"buy","price":70273.52448602297,"qty":0.0012936463849507398,"level_idx":1,"pnl_usd":0.0},{"timestamp":"2026-04-07T00:00:00+00:00","side":"buy","price":71239.45132230948,"qty":0.0012761059949463933,"level_idx":2,"pnl_usd":0.0},{"timestamp":"2026-04-07T00:00:00+00:00","side":"buy","price":72218.65505995939,"qty":0.0012588034329026735,"level_idx":3,"pnl_usd":0.0},{"timestamp":"2026-04-07T00:00:00+00:00","side":"buy","price":73211.31819323952,"qty":0.001241735474139921,"level_idx":4,"pnl_usd":0.0},{"timestamp":"2026-04-07T00:00:00+00:00","side":"buy","price":74217.6257248452,"qty":0.0012248989377015068,"level_idx":5,"pnl_usd":0.0},{"timestamp":"2026-04-07T00:00:00+00:00","side":"buy","price":75237.7652003792,"qty":0.001208290685760995,"level_idx":6,"pnl_usd":0.0},{"timestamp":"2026-04-07T00:00:00+00:00","side":"buy","price":76271.92674330459,"qty":0.001191907623037348,"level_idx":7,"pnl_usd":0.0},{"timestamp":"2026-04-07T00:00:00+00:00","side":"buy","price":77320.30309037809,"qty":0.0011757466962180577,"level_idx":8,"pnl_usd":0.0},{"timestamp":"2026-04-07T00:00:00+00:00","side":"buy","price":78383.08962757044,"qty":0.0011598048933900988,"level_idx":9,"pnl_usd":0.0},{"timestamp":"2026-04-07T00:00:00+00:00","side":"buy","price":79460.48442648053,"qty":0.0011440792434785998,"level_idx":10,"pnl_usd":0.0},{"timestamp":"2026-04-07T22:00:00+00:00","side":"sell","price":71239.45132230948,"qty":0.0012936463849507398,"level_idx":2,"pnl_usd":1.1574091012199816},{"timestamp":"2026-04-07T22:00:00+00:00","side":"sell","price":70273.52448602297,"qty":0.0013114278719193846,"level_idx":1,"pnl_usd":1.1574091012199816},{"timestamp":"2026-04-07T23:00:00+00:00","side":"sell","price":72218.65505995939,"qty":0.0012761059949463933,"level_idx":3,"pnl_usd":1.1574091012199816},{"timestamp":"2026-04-08T14:00:00+00:00","side":"buy","price":71239.45132230948,"qty":0.0012761059949463933,"level_idx":2,"pnl_usd":0.0},{"timestamp":"2026-04-09T15:00:00+00:00","side":"sell","price":72218.65505995939,"qty":0.0012761059949463933,"level_idx":3,"pnl_usd":1.1574091012199816},{"timestamp":"2026-04-10T15:00:00+00:00","side":"sell","price":73211.31819323952,"qty":0.0012588034329026735,"level_idx":4,"pnl_usd":1.1574091012199674},{"timestamp":"2026-04-12T01:00:00+00:00","side":"buy","price":72218.65505995939,"qty":0.0012588034329026735,"level_idx":3,"pnl_usd":0.0},{"timestamp":"2026-04-12T12:00:00+00:00","side":"buy","price":71239.45132230948,"qty":0.0012761059949463933,"level_idx":2,"pnl_usd":0.0},{"timestamp":"2026-04-13T14:00:00+00:00","side":"sell","price":72218.65505995939,"qty":0.0012761059949463933,"level_idx":3,"pnl_usd":1.1574091012199816},{"timestamp":"2026-04-13T19:00:00+00:00","side":"sell","price":73211.31819323952,"qty":0.0012588034329026735,"level_idx":4,"pnl_usd":1.1574091012199674},{"timestamp":"2026-04-13T22:00:00+00:00","side":"sell","price":74217.6257248452,"qty":0.001241735474139921,"level_idx":5,"pnl_usd":1.1574091012199674},{"timestamp":"2026-04-14T13:00:00+00:00","side":"sell","price":75237.7652003792,"qty":0.0012248989377015068,"level_idx":6,"pnl_usd":1.1574091012199956},{"timestamp":"2026-04-14T18:00:00+00:00","side":"buy","price":74217.6257248452,"qty":0.0012248989377015068,"level_idx":5,"pnl_usd":0.0},{"timestamp":"2026-04-15T19:00:00+00:00","side":"sell","price":75237.7652003792,"qty":0.0012248989377015068,"level_idx":6,"pnl_usd":1.1574091012199956},{"timestamp":"2026-04-16T13:00:00+00:00","side":"buy","price":74217.6257248452,"qty":0.0012248989377015068,"level_idx":5,"pnl_usd":0.0},{"timestamp":"2026-04-16T19:00:00+00:00","side":"sell","price":75237.7652003792,"qty":0.0012248989377015068,"level_idx":6,"pnl_usd":1.1574091012199956},{"timestamp":"2026-04-17T09:00:00+00:00","side":"sell","price":76271.92674330459,"qty":0.001208290685760995,"level_idx":7,"pnl_usd":1.1574091012199816},{"timestamp":"2026-04-17T10:00:00+00:00","side":"buy","price":75237.7652003792,"qty":0.001208290685760995,"level_idx":6,"pnl_usd":0.0},{"timestamp":"2026-04-17T12:00:00+00:00","side":"sell","price":76271.92674330459,"qty":0.001208290685760995,"level_idx":7,"pnl_usd":1.1574091012199816},{"timestamp":"2026-04-17T13:00:00+00:00","side":"sell","price":77320.30309037809,"qty":0.001191907623037348,"level_idx":8,"pnl_usd":1.1574091012199674},{"timestamp":"2026-04-18T10:00:00+00:00","side":"buy","price":76271.92674330459,"qty":0.001191907623037348,"level_idx":7,"pnl_usd":0.0},{"timestamp":"2026-04-19T07:00:00+00:00","side":"buy","price":75237.7652003792,"qty":0.001208290685760995,"level_idx":6,"pnl_usd":0.0},{"timestamp":"2026-04-19T22:00:00+00:00","side":"buy","price":74217.6257248452,"qty":0.0012248989377015068,"level_idx":5,"pnl_usd":0.0},{"timestamp":"2026-04-20T07:00:00+00:00","side":"sell","price":75237.7652003792,"qty":0.0012248989377015068,"level_idx":6,"pnl_usd":1.1574091012199956},{"timestamp":"2026-04-20T18:00:00+00:00","side":"sell","price":76271.92674330459,"qty":0.001208290685760995,"level_idx":7,"pnl_usd":1.1574091012199816},{"timestamp":"2026-04-21T17:00:00+00:00","side":"buy","price":75237.7652003792,"qty":0.001208290685760995,"level_idx":6,"pnl_usd":0.0},{"timestamp":"2026-04-21T23:00:00+00:00","side":"sell","price":76271.92674330459,"qty":0.001208290685760995,"level_idx":7,"pnl_usd":1.1574091012199816},{"timestamp":"2026-04-22T02:00:00+00:00","side":"sell","price":77320.30309037809,"qty":0.001191907623037348,"level_idx":8,"pnl_usd":1.1574091012199674},{"timestamp":"2026-04-22T05:00:00+00:00","side":"sell","price":78383.08962757044,"qty":0.0011757466962180577,"level_idx":9,"pnl_usd":1.1574091012199674},{"timestamp":"2026-04-22T16:00:00+00:00","side":"sell","price":79460.48442648053,"qty":0.0011598048933900988,"level_idx":10,"pnl_usd":1.1574091012199674},{"timestamp":"2026-04-22T23:00:00+00:00","side":"buy","price":78383.08962757044,"qty":0.0011598048933900988,"level_idx":9,"pnl_usd":0.0},{"timestamp":"2026-04-23T10:00:00+00:00","side":"buy","price":77320.30309037809,"qty":0.0011757466962180577,"level_idx":8,"pnl_usd":0.0},{"timestamp":"2026-04-23T15:00:00+00:00","side":"sell","price":78383.08962757044,"qty":0.0011757466962180577,"level_idx":9,"pnl_usd":1.1574091012199674},{"timestamp":"2026-04-23T17:00:00+00:00","side":"buy","price":77320.30309037809,"qty":0.0011757466962180577,"level_idx":8,"pnl_usd":0.0},{"timestamp":"2026-04-24T00:00:00+00:00","side":"sell","price":78383.08962757044,"qty":0.0011757466962180577,"level_idx":9,"pnl_usd":1.1574091012199674},{"timestamp":"2026-04-24T22:00:00+00:00","side":"buy","price":77320.30309037809,"qty":0.0011757466962180577,"level_idx":8,"pnl_usd":0.0},{"timestamp":"2026-04-26T19:00:00+00:00","side":"sell","price":78383.08962757044,"qty":0.0011757466962180577,"level_idx":9,"pnl_usd":1.1574091012199674},{"timestamp":"2026-04-27T01:00:00+00:00","side":"sell","price":79460.48442648053,"qty":0.0011598048933900988,"level_idx":10,"pnl_usd":1.1574091012199674},{"timestamp":"2026-04-27T05:00:00+00:00","side":"buy","price":78383.08962757044,"qty":0.0011598048933900988,"level_idx":9,"pnl_usd":0.0},{"timestamp":"2026-04-27T15:00:00+00:00","side":"buy","price":77320.30309037809,"qty":0.0011757466962180577,"level_idx":8,"pnl_usd":0.0},{"timestamp":"2026-04-28T11:00:00+00:00","side":"buy","price":76271.92674330459,"qty":0.001191907623037348,"level_idx":7,"pnl_usd":0.0},{"timestamp":"2026-04-29T04:00:00+00:00","side":"sell","price":77320.30309037809,"qty":0.001191907623037348,"level_idx":8,"pnl_usd":1.1574091012199674},{"timestamp":"2026-04-29T15:00:00+00:00","side":"buy","price":76271.92674330459,"qty":0.001191907623037348,"level_idx":7,"pnl_usd":0.0},{"timestamp":"2026-04-29T18:00:00+00:00","side":"buy","price":75237.7652003792,"qty":0.001208290685760995,"level_idx":6,"pnl_usd":0.0},{"timestamp":"2026-04-30T00:00:00+00:00","side":"sell","price":76271.92674330459,"qty":0.001208290685760995,"level_idx":7,"pnl_usd":1.1574091012199816},{"timestamp":"2026-05-01T03:00:00+00:00","side":"sell","price":77320.30309037809,"qty":0.001191907623037348,"level_idx":8,"pnl_usd":1.1574091012199674},{"timestamp":"2026-05-01T13:00:00+00:00","side":"sell","price":78383.08962757044,"qty":0.0011757466962180577,"level_idx":9,"pnl_usd":1.1574091012199674},{"timestamp":"2026-05-04T01:00:00+00:00","side":"sell","price":79460.48442648053,"qty":0.0011598048933900988,"level_idx":10,"pnl_usd":1.1574091012199674},{"timestamp":"2026-05-04T04:00:00+00:00","side":"sell","price":80552.6882812499,"qty":0.0011440792434785998,"level_idx":11,"pnl_usd":1.1574091012199674},{"timestamp":"2026-05-04T10:00:00+00:00","side":"buy","price":78383.08962757044,"qty":0.0011598048933900988,"level_idx":9,"pnl_usd":0.0},{"timestamp":"2026-05-04T10:00:00+00:00","side":"buy","price":79460.48442648053,"qty":0.0011440792434785998,"level_idx":10,"pnl_usd":0.0},{"timestamp":"2026-05-04T10:00:00+00:00","side":"sell","price":79460.48442648053,"qty":0.0011598048933900988,"level_idx":10,"pnl_usd":1.1574091012199674},{"timestamp":"2026-05-04T17:00:00+00:00","side":"sell","price":80552.6882812499,"qty":0.0011440792434785998,"level_idx":11,"pnl_usd":1.1574091012199674}],"round_trips":32,"total_pnl_usd":37.04,"total_fees_usd":5.86,"realized_return_pct":0.037,"unrealized_pnl_usd":0,"unrealized_holdings":0.0,"avg_holding_price":0.0,"final_price":81903.27,"max_drawdown_pct":-0.084,"open_buy_levels":[0,1,2,3,4,5,6,7,8,9,10],"equity_curve":[{"timestamp":"2026-04-07T00:00:00+00:00","equity":928.33},{"timestamp":"2026-04-07T01:00:00+00:00","equity":922.57},{"timestamp":"2026-04-07T02:00:00+00:00","equity":926.1},{"timestamp":"2026-04-07T03:00:00+00:00","equity":927.28},{"timestamp":"2026-04-07T04:00:00+00:00","equity":928.9},{"timestamp":"2026-04-07T05:00:00+00:00","equity":925.49},{"timestamp":"2026-04-07T06:00:00+00:00","equity":924.63},{"timestamp":"2026-04-07T07:00:00+00:00","equity":925.61},{"timestamp":"2026-04-07T08:00:00+00:00","equity":929.83},{"timestamp":"2026-04-07T09:00:00+00:00","equity":932.51},{"timestamp":"2026-04-07T10:00:00+00:00","equity":920.23},{"timestamp":"2026-04-07T11:00:00+00:00","equity":921.88},{"timestamp":"2026-04-07T12:00:00+00:00","equity":922.65},{"timestamp":"2026-04-07T13:00:00+00:00","equity":920.51},{"timestamp":"2026-04-07T14:00:00+00:00","equity":915.95},{"timestamp":"2026-04-07T15:00:00+00:00","equity":918.99},{"timestamp":"2026-04-07T16:00:00+00:00","equity":920.0},{"timestamp":"2026-04-07T17:00:00+00:00","equity":926.62},{"timestamp":"2026-04-07T18:00:00+00:00","equity":922.83},{"timestamp":"2026-04-07T19:00:00+00:00","equity":930.01},{"timestamp":"2026-04-07T20:00:00+00:00","equity":934.36},{"timestamp":"2026-04-07T21:00:00+00:00","equity":942.82},{"timestamp":"2026-04-07T22:00:00+00:00","equity":961.39},{"timestamp":"2026-04-07T23:00:00+00:00","equity":967.3},{"timestamp":"2026-04-08T00:00:00+00:00","equity":964.64},{"timestamp":"2026-04-08T01:00:00+00:00","equity":962.57},{"timestamp":"2026-04-08T02:00:00+00:00","equity":961.28},{"timestamp":"2026-04-08T03:00:00+00:00","equity":960.95},{"timestamp":"2026-04-08T04:00:00+00:00","equity":963.83},{"timestamp":"2026-04-08T05:00:00+00:00","equity":965.07},{"timestamp":"2026-04-08T06:00:00+00:00","equity":965.09},{"timestamp":"2026-04-08T07:00:00+00:00","equity":964.02},{"timestamp":"2026-04-08T08:00:00+00:00","equity":965.46},{"timestamp":"2026-04-08T09:00:00+00:00","equity":964.7},{"timestamp":"2026-04-08T10:00:00+00:00","equity":962.89},{"timestamp":"2026-04-08T11:00:00+00:00","equity":964.57},{"timestamp":"2026-04-08T12:00:00+00:00","equity":968.54},{"timestamp":"2026-04-08T13:00:00+00:00","equity":963.21},{"timestamp":"2026-04-08T14:00:00+00:00","equity":956.11},{"timestamp":"2026-04-08T15:00:00+00:00","equity":961.14},{"timestamp":"2026-04-08T16:00:00+00:00","equity":964.61},{"timestamp":"2026-04-08T17:00:00+00:00","equity":967.77},{"timestamp":"2026-04-08T18:00:00+00:00","equity":959.24},{"timestamp":"2026-04-08T19:00:00+00:00","equity":961.15},{"timestamp":"2026-04-08T20:00:00+00:00","equity":961.87},{"timestamp":"2026-04-08T21:00:00+00:00","equity":963.51},{"timestamp":"2026-04-08T22:00:00+00:00","equity":958.83},{"timestamp":"2026-04-08T23:00:00+00:00","equity":959.12},{"timestamp":"2026-04-09T00:00:00+00:00","equity":956.07},{"timestamp":"2026-04-09T01:00:00+00:00","equity":956.9},{"timestamp":"2026-04-09T02:00:00+00:00","equity":958.62},{"timestamp":"2026-04-09T03:00:00+00:00","equity":957.65},{"timestamp":"2026-04-09T04:00:00+00:00","equity":955.33},{"timestamp":"2026-04-09T05:00:00+00:00","equity":957.57},{"timestamp":"2026-04-09T06:00:00+00:00","equity":957.97},{"timestamp":"2026-04-09T07:00:00+00:00","equity":957.48},{"timestamp":"2026-04-09T08:00:00+00:00","equity":960.54},{"timestamp":"2026-04-09T09:00:00+00:00","equity":963.36},{"timestamp":"2026-04-09T10:00:00+00:00","equity":961.06},{"timestamp":"2026-04-09T11:00:00+00:00","equity":959.58},{"timestamp":"2026-04-09T12:00:00+00:00","equity":960.8},{"timestamp":"2026-04-09T13:00:00+00:00","equity":955.83},{"timestamp":"2026-04-09T14:00:00+00:00","equity":959.13},{"timestamp":"2026-04-09T15:00:00+00:00","equity":969.93},{"timestamp":"2026-04-09T16:00:00+00:00","equity":969.12},{"timestamp":"2026-04-09T17:00:00+00:00","equity":972.26},{"timestamp":"2026-04-09T18:00:00+00:00","equity":967.84},{"timestamp":"2026-04-09T19:00:00+00:00","equity":969.81},{"timestamp":"2026-04-09T20:00:00+00:00","equity":972.69},{"timestamp":"2026-04-09T21:00:00+00:00","equity":971.4},{"timestamp":"2026-04-09T22:00:00+00:00","equity":969.33},{"timestamp":"2026-04-09T23:00:00+00:00","equity":966.77},{"timestamp":"2026-04-10T00:00:00+00:00","equity":968.05},{"timestamp":"2026-04-10T01:00:00+00:00","equity":970.59},{"timestamp":"2026-04-10T02:00:00+00:00","equity":968.49},{"timestamp":"2026-04-10T03:00:00+00:00","equity":967.66},{"timestamp":"2026-04-10T04:00:00+00:00","equity":969.66},{"timestamp":"2026-04-10T05:00:00+00:00","equity":970.0},{"timestamp":"2026-04-10T06:00:00+00:00","equity":967.19},{"timestamp":"2026-04-10T07:00:00+00:00","equity":963.89},{"timestamp":"2026-04-10T08:00:00+00:00","equity":965.11},{"timestamp":"2026-04-10T09:00:00+00:00","equity":966.98},{"timestamp":"2026-04-10T10:00:00+00:00","equity":968.24},{"timestamp":"2026-04-10T11:00:00+00:00","equity":970.1},{"timestamp":"2026-04-10T12:00:00+00:00","equity":971.43},{"timestamp":"2026-04-10T13:00:00+00:00","equity":972.33},{"timestamp":"2026-04-10T14:00:00+00:00","equity":977.6},{"timestamp":"2026-04-10T15:00:00+00:00","equity":973.74},{"timestamp":"2026-04-10T16:00:00+00:00","equity":979.01},{"timestamp":"2026-04-10T17:00:00+00:00","equity":979.56},{"timestamp":"2026-04-10T18:00:00+00:00","equity":979.67},{"timestamp":"2026-04-10T19:00:00+00:00","equity":980.67},{"timestamp":"2026-04-10T20:00:00+00:00","equity":981.86},{"timestamp":"2026-04-10T21:00:00+00:00","equity":980.42},{"timestamp":"2026-04-10T22:00:00+00:00","equity":978.04},{"timestamp":"2026-04-10T23:00:00+00:00","equity":978.52},{"timestamp":"2026-04-11T00:00:00+00:00","equity":977.39},{"timestamp":"2026-04-11T01:00:00+00:00","equity":978.35},{"timestamp":"2026-04-11T02:00:00+00:00","equity":978.58},{"timestamp":"2026-04-11T03:00:00+00:00","equity":977.61},{"timestamp":"2026-04-11T04:00:00+00:00","equity":977.25},{"timestamp":"2026-04-11T05:00:00+00:00","equity":976.71},{"timestamp":"2026-04-11T06:00:00+00:00","equity":977.06},{"timestamp":"2026-04-11T07:00:00+00:00","equity":976.53},{"timestamp":"2026-04-11T08:00:00+00:00","equity":976.34},{"timestamp":"2026-04-11T09:00:00+00:00","equity":977.99},{"timestamp":"2026-04-11T10:00:00+00:00","equity":977.59},{"timestamp":"2026-04-11T11:00:00+00:00","equity":978.1},{"timestamp":"2026-04-11T12:00:00+00:00","equity":978.45},{"timestamp":"2026-04-11T13:00:00+00:00","equity":976.23},{"timestamp":"2026-04-11T14:00:00+00:00","equity":976.59},{"timestamp":"2026-04-11T15:00:00+00:00","equity":977.72},{"timestamp":"2026-04-11T16:00:00+00:00","equity":979.57},{"timestamp":"2026-04-11T17:00:00+00:00","equity":979.53},{"timestamp":"2026-04-11T18:00:00+00:00","equity":983.26},{"timestamp":"2026-04-11T19:00:00+00:00","equity":984.42},{"timestamp":"2026-04-11T20:00:00+00:00","equity":981.48},{"timestamp":"2026-04-11T21:00:00+00:00","equity":982.69},{"timestamp":"2026-04-11T22:00:00+00:00","equity":981.95},{"timestamp":"2026-04-11T23:00:00+00:00","equity":979.18},{"timestamp":"2026-04-12T00:00:00+00:00","equity":979.29},{"timestamp":"2026-04-12T01:00:00+00:00","equity":966.89},{"timestamp":"2026-04-12T02:00:00+00:00","equity":968.27},{"timestamp":"2026-04-12T03:00:00+00:00","equity":966.83},{"timestamp":"2026-04-12T04:00:00+00:00","equity":965.2},{"timestamp":"2026-04-12T05:00:00+00:00","equity":967.61},{"timestamp":"2026-04-12T06:00:00+00:00","equity":966.98},{"timestamp":"2026-04-12T07:00:00+00:00","equity":967.67},{"timestamp":"2026-04-12T08:00:00+00:00","equity":966.63},{"timestamp":"2026-04-12T09:00:00+00:00","equity":965.88},{"timestamp":"2026-04-12T10:00:00+00:00","equity":964.89},{"timestamp":"2026-04-12T11:00:00+00:00","equity":965.24},{"timestamp":"2026-04-12T12:00:00+00:00","equity":961.91},{"timestamp":"2026-04-12T13:00:00+00:00","equity":959.05},{"timestamp":"2026-04-12T14:00:00+00:00","equity":958.09},{"timestamp":"2026-04-12T15:00:00+00:00","equity":959.17},{"timestamp":"2026-04-12T16:00:00+00:00","equity":959.12},{"timestamp":"2026-04-12T17:00:00+00:00","equity":961.74},{"timestamp":"2026-04-12T18:00:00+00:00","equity":961.94},{"timestamp":"2026-04-12T19:00:00+00:00","equity":961.43},{"timestamp":"2026-04-12T20:00:00+00:00","equity":964.09},{"timestamp":"2026-04-12T21:00:00+00:00","equity":963.28},{"timestamp":"2026-04-12T22:00:00+00:00","equity":959.11},{"timestamp":"2026-04-12T23:00:00+00:00","equity":957.55},{"timestamp":"2026-04-13T00:00:00+00:00","equity":961.92},{"timestamp":"2026-04-13T01:00:00+00:00","equity":962.59},{"timestamp":"2026-04-13T02:00:00+00:00","equity":961.06},{"timestamp":"2026-04-13T03:00:00+00:00","equity":960.07},{"timestamp":"2026-04-13T04:00:00+00:00","equity":959.45},{"timestamp":"2026-04-13T05:00:00+00:00","equity":958.63},{"timestamp":"2026-04-13T06:00:00+00:00","equity":960.89},{"timestamp":"2026-04-13T07:00:00+00:00","equity":958.35},{"timestamp":"2026-04-13T08:00:00+00:00","equity":956.57},{"timestamp":"2026-04-13T09:00:00+00:00","equity":957.89},{"timestamp":"2026-04-13T10:00:00+00:00","equity":957.41},{"timestamp":"2026-04-13T11:00:00+00:00","equity":959.61},{"timestamp":"2026-04-13T12:00:00+00:00","equity":961.3},{"timestamp":"2026-04-13T13:00:00+00:00","equity":966.81},{"timestamp":"2026-04-13T14:00:00+00:00","equity":975.29},{"timestamp":"2026-04-13T15:00:00+00:00","equity":969.7},{"timestamp":"2026-04-13T16:00:00+00:00","equity":973.22},{"timestamp":"2026-04-13T17:00:00+00:00","equity":972.72},{"timestamp":"2026-04-13T18:00:00+00:00","equity":975.65},{"timestamp":"2026-04-13T19:00:00+00:00","equity":984.15},{"timestamp":"2026-04-13T20:00:00+00:00","equity":982.73},{"timestamp":"2026-04-13T21:00:00+00:00","equity":982.94},{"timestamp":"2026-04-13T22:00:00+00:00","equity":994.11},{"timestamp":"2026-04-13T23:00:00+00:00","equity":993.34},{"timestamp":"2026-04-14T00:00:00+00:00","equity":990.71},{"timestamp":"2026-04-14T01:00:00+00:00","equity":992.25},{"timestamp":"2026-04-14T02:00:00+00:00","equity":992.21},{"timestamp":"2026-04-14T03:00:00+00:00","equity":992.78},{"timestamp":"2026-04-14T04:00:00+00:00","equity":992.38},{"timestamp":"2026-04-14T05:00:00+00:00","equity":991.05},{"timestamp":"2026-04-14T06:00:00+00:00","equity":993.57},{"timestamp":"2026-04-14T07:00:00+00:00","equity":993.44},{"timestamp":"2026-04-14T08:00:00+00:00","equity":995.07},{"timestamp":"2026-04-14T09:00:00+00:00","equity":993.38},{"timestamp":"2026-04-14T10:00:00+00:00","equity":992.56},{"timestamp":"2026-04-14T11:00:00+00:00","equity":992.79},{"timestamp":"2026-04-14T12:00:00+00:00","equity":992.81},{"timestamp":"2026-04-14T13:00:00+00:00","equity":999.74},{"timestamp":"2026-04-14T14:00:00+00:00","equity":997.92},{"timestamp":"2026-04-14T15:00:00+00:00","equity":999.02},{"timestamp":"2026-04-14T16:00:00+00:00","equity":994.31},{"timestamp":"2026-04-14T17:00:00+00:00","equity":995.49},{"timestamp":"2026-04-14T18:00:00+00:00","equity":991.4},{"timestamp":"2026-04-14T19:00:00+00:00","equity":992.6},{"timestamp":"2026-04-14T20:00:00+00:00","equity":991.08},{"timestamp":"2026-04-14T21:00:00+00:00","equity":992.95},{"timestamp":"2026-04-14T22:00:00+00:00","equity":991.19},{"timestamp":"2026-04-14T23:00:00+00:00","equity":992.04},{"timestamp":"2026-04-15T00:00:00+00:00","equity":994.99},{"timestamp":"2026-04-15T01:00:00+00:00","equity":995.32},{"timestamp":"2026-04-15T02:00:00+00:00","equity":993.27},{"timestamp":"2026-04-15T03:00:00+00:00","equity":993.39},{"timestamp":"2026-04-15T04:00:00+00:00","equity":993.23},{"timestamp":"2026-04-15T05:00:00+00:00","equity":991.1},{"timestamp":"2026-04-15T06:00:00+00:00","equity":990.17},{"timestamp":"2026-04-15T07:00:00+00:00","equity":989.09},{"timestamp":"2026-04-15T08:00:00+00:00","equity":991.7},{"timestamp":"2026-04-15T09:00:00+00:00","equity":990.95},{"timestamp":"2026-04-15T10:00:00+00:00","equity":989.94},{"timestamp":"2026-04-15T11:00:00+00:00","equity":992.37},{"timestamp":"2026-04-15T12:00:00+00:00","equity":992.91},{"timestamp":"2026-04-15T13:00:00+00:00","equity":991.25},{"timestamp":"2026-04-15T14:00:00+00:00","equity":991.78},{"timestamp":"2026-04-15T15:00:00+00:00","equity":989.8},{"timestamp":"2026-04-15T16:00:00+00:00","equity":990.4},{"timestamp":"2026-04-15T17:00:00+00:00","equity":991.81},{"timestamp":"2026-04-15T18:00:00+00:00","equity":993.62},{"timestamp":"2026-04-15T19:00:00+00:00","equity":998.17},{"timestamp":"2026-04-15T20:00:00+00:00","equity":997.26},{"timestamp":"2026-04-15T21:00:00+00:00","equity":996.64},{"timestamp":"2026-04-15T22:00:00+00:00","equity":997.92},{"timestamp":"2026-04-15T23:00:00+00:00","equity":996.99},{"timestamp":"2026-04-16T00:00:00+00:00","equity":997.04},{"timestamp":"2026-04-16T01:00:00+00:00","equity":996.14},{"timestamp":"2026-04-16T02:00:00+00:00","equity":997.41},{"timestamp":"2026-04-16T03:00:00+00:00","equity":997.45},{"timestamp":"2026-04-16T04:00:00+00:00","equity":997.81},{"timestamp":"2026-04-16T05:00:00+00:00","equity":998.36},{"timestamp":"2026-04-16T06:00:00+00:00","equity":998.32},{"timestamp":"2026-04-16T07:00:00+00:00","equity":996.38},{"timestamp":"2026-04-16T08:00:00+00:00","equity":996.24},{"timestamp":"2026-04-16T09:00:00+00:00","equity":995.74},{"timestamp":"2026-04-16T10:00:00+00:00","equity":994.04},{"timestamp":"2026-04-16T11:00:00+00:00","equity":995.62},{"timestamp":"2026-04-16T12:00:00+00:00","equity":995.86},{"timestamp":"2026-04-16T13:00:00+00:00","equity":990.41},{"timestamp":"2026-04-16T14:00:00+00:00","equity":991.68},{"timestamp":"2026-04-16T15:00:00+00:00","equity":996.98},{"timestamp":"2026-04-16T16:00:00+00:00","equity":993.19},{"timestamp":"2026-04-16T17:00:00+00:00","equity":994.33},{"timestamp":"2026-04-16T18:00:00+00:00","equity":999.36},{"timestamp":"2026-04-16T19:00:00+00:00","equity":1001.36},{"timestamp":"2026-04-16T20:00:00+00:00","equity":1000.62},{"timestamp":"2026-04-16T21:00:00+00:00","equity":998.92},{"timestamp":"2026-04-16T22:00:00+00:00","equity":998.52},{"timestamp":"2026-04-16T23:00:00+00:00","equity":1000.13},{"timestamp":"2026-04-17T00:00:00+00:00","equity":998.91},{"timestamp":"2026-04-17T01:00:00+00:00","equity":997.78},{"timestamp":"2026-04-17T02:00:00+00:00","equity":997.59},{"timestamp":"2026-04-17T03:00:00+00:00","equity":997.02},{"timestamp":"2026-04-17T04:00:00+00:00","equity":998.06},{"timestamp":"2026-04-17T05:00:00+00:00","equity":997.15},{"timestamp":"2026-04-17T06:00:00+00:00","equity":998.71},{"timestamp":"2026-04-17T07:00:00+00:00","equity":999.58},{"timestamp":"2026-04-17T08:00:00+00:00","equity":1003.82},{"timestamp":"2026-04-17T09:00:00+00:00","equity":1004.41},{"timestamp":"2026-04-17T10:00:00+00:00","equity":1002.1},{"timestamp":"2026-04-17T11:00:00+00:00","equity":1003.99},{"timestamp":"2026-04-17T12:00:00+00:00","equity":1007.82},{"timestamp":"2026-04-17T13:00:00+00:00","equity":1012.76},{"timestamp":"2026-04-17T14:00:00+00:00","equity":1014.81},{"timestamp":"2026-04-17T15:00:00+00:00","equity":1014.34},{"timestamp":"2026-04-17T16:00:00+00:00","equity":1014.57},{"timestamp":"2026-04-17T17:00:00+00:00","equity":1013.37},{"timestamp":"2026-04-17T18:00:00+00:00","equity":1012.12},{"timestamp":"2026-04-17T19:00:00+00:00","equity":1013.21},{"timestamp":"2026-04-17T20:00:00+00:00","equity":1012.68},{"timestamp":"2026-04-17T21:00:00+00:00","equity":1013.06},{"timestamp":"2026-04-17T22:00:00+00:00","equity":1012.59},{"timestamp":"2026-04-17T23:00:00+00:00","equity":1011.75},{"timestamp":"2026-04-18T00:00:00+00:00","equity":1012.09},{"timestamp":"2026-04-18T01:00:00+00:00","equity":1012.28},{"timestamp":"2026-04-18T02:00:00+00:00","equity":1012.53},{"timestamp":"2026-04-18T03:00:00+00:00","equity":1011.55},{"timestamp":"2026-04-18T04:00:00+00:00","equity":1011.93},{"timestamp":"2026-04-18T05:00:00+00:00","equity":1011.99},{"timestamp":"2026-04-18T06:00:00+00:00","equity":1011.96},{"timestamp":"2026-04-18T07:00:00+00:00","equity":1011.48},{"timestamp":"2026-04-18T08:00:00+00:00","equity":1010.57},{"timestamp":"2026-04-18T09:00:00+00:00","equity":1010.12},{"timestamp":"2026-04-18T10:00:00+00:00","equity":1008.64},{"timestamp":"2026-04-18T11:00:00+00:00","equity":1007.93},{"timestamp":"2026-04-18T12:00:00+00:00","equity":1008.72},{"timestamp":"2026-04-18T13:00:00+00:00","equity":1008.3},{"timestamp":"2026-04-18T14:00:00+00:00","equity":1008.92},{"timestamp":"2026-04-18T15:00:00+00:00","equity":1008.5},{"timestamp":"2026-04-18T16:00:00+00:00","equity":1007.46},{"timestamp":"2026-04-18T17:00:00+00:00","equity":1006.91},{"timestamp":"2026-04-18T18:00:00+00:00","equity":1006.07},{"timestamp":"2026-04-18T19:00:00+00:00","equity":1006.1},{"timestamp":"2026-04-18T20:00:00+00:00","equity":1006.6},{"timestamp":"2026-04-18T21:00:00+00:00","equity":1006.92},{"timestamp":"2026-04-18T22:00:00+00:00","equity":1006.89},{"timestamp":"2026-04-18T23:00:00+00:00","equity":1006.35},{"timestamp":"2026-04-19T00:00:00+00:00","equity":1006.23},{"timestamp":"2026-04-19T01:00:00+00:00","equity":1005.98},{"timestamp":"2026-04-19T02:00:00+00:00","equity":1005.38},{"timestamp":"2026-04-19T03:00:00+00:00","equity":1005.5},{"timestamp":"2026-04-19T04:00:00+00:00","equity":1006.2},{"timestamp":"2026-04-19T05:00:00+00:00","equity":1005.64},{"timestamp":"2026-04-19T06:00:00+00:00","equity":1004.94},{"timestamp":"2026-04-19T07:00:00+00:00","equity":1004.36},{"timestamp":"2026-04-19T08:00:00+00:00","equity":1004.37},{"timestamp":"2026-04-19T09:00:00+00:00","equity":1002.97},{"timestamp":"2026-04-19T10:00:00+00:00","equity":1004.09},{"timestamp":"2026-04-19T11:00:00+00:00","equity":1006.39},{"timestamp":"2026-04-19T12:00:00+00:00","equity":1006.24},{"timestamp":"2026-04-19T13:00:00+00:00","equity":1008.31},{"timestamp":"2026-04-19T14:00:00+00:00","equity":1008.91},{"timestamp":"2026-04-19T15:00:00+00:00","equity":1007.85},{"timestamp":"2026-04-19T16:00:00+00:00","equity":1005.09},{"timestamp":"2026-04-19T17:00:00+00:00","equity":1001.59},{"timestamp":"2026-04-19T18:00:00+00:00","equity":1001.51},{"timestamp":"2026-04-19T19:00:00+00:00","equity":1002.56},{"timestamp":"2026-04-19T20:00:00+00:00","equity":1000.66},{"timestamp":"2026-04-19T21:00:00+00:00","equity":999.48},{"timestamp":"2026-04-19T22:00:00+00:00","equity":997.01},{"timestamp":"2026-04-19T23:00:00+00:00","equity":995.19},{"timestamp":"2026-04-20T00:00:00+00:00","equity":998.67},{"timestamp":"2026-04-20T01:00:00+00:00","equity":1000.91},{"timestamp":"2026-04-20T02:00:00+00:00","equity":999.62},{"timestamp":"2026-04-20T03:00:00+00:00","equity":1001.23},{"timestamp":"2026-04-20T04:00:00+00:00","equity":1000.72},{"timestamp":"2026-04-20T05:00:00+00:00","equity":998.62},{"timestamp":"2026-04-20T06:00:00+00:00","equity":1002.33},{"timestamp":"2026-04-20T07:00:00+00:00","equity":1002.98},{"timestamp":"2026-04-20T08:00:00+00:00","equity":1002.38},{"timestamp":"2026-04-20T09:00:00+00:00","equity":1004.39},{"timestamp":"2026-04-20T10:00:00+00:00","equity":1004.21},{"timestamp":"2026-04-20T11:00:00+00:00","equity":1005.17},{"timestamp":"2026-04-20T12:00:00+00:00","equity":1005.7},{"timestamp":"2026-04-20T13:00:00+00:00","equity":1005.67},{"timestamp":"2026-04-20T14:00:00+00:00","equity":1004.23},{"timestamp":"2026-04-20T15:00:00+00:00","equity":1008.21},{"timestamp":"2026-04-20T16:00:00+00:00","equity":1006.03},{"timestamp":"2026-04-20T17:00:00+00:00","equity":1009.31},{"timestamp":"2026-04-20T18:00:00+00:00","equity":1012.05},{"timestamp":"2026-04-20T19:00:00+00:00","equity":1011.47},{"timestamp":"2026-04-20T20:00:00+00:00","equity":1011.4},{"timestamp":"2026-04-20T21:00:00+00:00","equity":1009.86},{"timestamp":"2026-04-20T22:00:00+00:00","equity":1009.94},{"timestamp":"2026-04-20T23:00:00+00:00","equity":1009.34},{"timestamp":"2026-04-21T00:00:00+00:00","equity":1010.52},{"timestamp":"2026-04-21T01:00:00+00:00","equity":1009.71},{"timestamp":"2026-04-21T02:00:00+00:00","equity":1008.11},{"timestamp":"2026-04-21T03:00:00+00:00","equity":1008.71},{"timestamp":"2026-04-21T04:00:00+00:00","equity":1009.17},{"timestamp":"2026-04-21T05:00:00+00:00","equity":1009.15},{"timestamp":"2026-04-21T06:00:00+00:00","equity":1009.93},{"timestamp":"2026-04-21T07:00:00+00:00","equity":1010.47},{"timestamp":"2026-04-21T08:00:00+00:00","equity":1012.47},{"timestamp":"2026-04-21T09:00:00+00:00","equity":1011.73},{"timestamp":"2026-04-21T10:00:00+00:00","equity":1013.54},{"timestamp":"2026-04-21T11:00:00+00:00","equity":1012.15},{"timestamp":"2026-04-21T12:00:00+00:00","equity":1010.13},{"timestamp":"2026-04-21T13:00:00+00:00","equity":1009.55},{"timestamp":"2026-04-21T14:00:00+00:00","equity":1008.46},{"timestamp":"2026-04-21T15:00:00+00:00","equity":1009.22},{"timestamp":"2026-04-21T16:00:00+00:00","equity":1008.96},{"timestamp":"2026-04-21T17:00:00+00:00","equity":1008.3},{"timestamp":"2026-04-21T18:00:00+00:00","equity":1008.62},{"timestamp":"2026-04-21T19:00:00+00:00","equity":1005.08},{"timestamp":"2026-04-21T20:00:00+00:00","equity":1009.33},{"timestamp":"2026-04-21T21:00:00+00:00","equity":1008.28},{"timestamp":"2026-04-21T22:00:00+00:00","equity":1008.85},{"timestamp":"2026-04-21T23:00:00+00:00","equity":1012.74},{"timestamp":"2026-04-22T00:00:00+00:00","equity":1012.65},{"timestamp":"2026-04-22T01:00:00+00:00","equity":1012.56},{"timestamp":"2026-04-22T02:00:00+00:00","equity":1018.22},{"timestamp":"2026-04-22T03:00:00+00:00","equity":1017.92},{"timestamp":"2026-04-22T04:00:00+00:00","equity":1017.9},{"timestamp":"2026-04-22T05:00:00+00:00","equity":1019.86},{"timestamp":"2026-04-22T06:00:00+00:00","equity":1019.93},{"timestamp":"2026-04-22T07:00:00+00:00","equity":1019.89},{"timestamp":"2026-04-22T08:00:00+00:00","equity":1019.94},{"timestamp":"2026-04-22T09:00:00+00:00","equity":1019.96},{"timestamp":"2026-04-22T10:00:00+00:00","equity":1020.31},{"timestamp":"2026-04-22T11:00:00+00:00","equity":1020.62},{"timestamp":"2026-04-22T12:00:00+00:00","equity":1020.48},{"timestamp":"2026-04-22T13:00:00+00:00","equity":1021.92},{"timestamp":"2026-04-22T14:00:00+00:00","equity":1022.36},{"timestamp":"2026-04-22T15:00:00+00:00","equity":1022.93},{"timestamp":"2026-04-22T16:00:00+00:00","equity":1022.37},{"timestamp":"2026-04-22T17:00:00+00:00","equity":1022.53},{"timestamp":"2026-04-22T18:00:00+00:00","equity":1022.69},{"timestamp":"2026-04-22T19:00:00+00:00","equity":1022.5},{"timestamp":"2026-04-22T20:00:00+00:00","equity":1022.0},{"timestamp":"2026-04-22T21:00:00+00:00","equity":1022.39},{"timestamp":"2026-04-22T22:00:00+00:00","equity":1022.21},{"timestamp":"2026-04-22T23:00:00+00:00","equity":1021.51},{"timestamp":"2026-04-23T00:00:00+00:00","equity":1022.07},{"timestamp":"2026-04-23T01:00:00+00:00","equity":1021.92},{"timestamp":"2026-04-23T02:00:00+00:00","equity":1020.96},{"timestamp":"2026-04-23T03:00:00+00:00","equity":1020.52},{"timestamp":"2026-04-23T04:00:00+00:00","equity":1020.88},{"timestamp":"2026-04-23T05:00:00+00:00","equity":1021.1},{"timestamp":"2026-04-23T06:00:00+00:00","equity":1021.59},{"timestamp":"2026-04-23T07:00:00+00:00","equity":1021.23},{"timestamp":"2026-04-23T08:00:00+00:00","equity":1020.75},{"timestamp":"2026-04-23T09:00:00+00:00","equity":1020.28},{"timestamp":"2026-04-23T10:00:00+00:00","equity":1019.83},{"timestamp":"2026-04-23T11:00:00+00:00","equity":1020.87},{"timestamp":"2026-04-23T12:00:00+00:00","equity":1021.5},{"timestamp":"2026-04-23T13:00:00+00:00","equity":1020.3},{"timestamp":"2026-04-23T14:00:00+00:00","equity":1022.59},{"timestamp":"2026-04-23T15:00:00+00:00","equity":1023.14},{"timestamp":"2026-04-23T16:00:00+00:00","equity":1022.49},{"timestamp":"2026-04-23T17:00:00+00:00","equity":1022.28},{"timestamp":"2026-04-23T18:00:00+00:00","equity":1022.08},{"timestamp":"2026-04-23T19:00:00+00:00","equity":1022.1},{"timestamp":"2026-04-23T20:00:00+00:00","equity":1022.66},{"timestamp":"2026-04-23T21:00:00+00:00","equity":1022.65},{"timestamp":"2026-04-23T22:00:00+00:00","equity":1023.9},{"timestamp":"2026-04-23T23:00:00+00:00","equity":1023.97},{"timestamp":"2026-04-24T00:00:00+00:00","equity":1024.36},{"timestamp":"2026-04-24T01:00:00+00:00","equity":1024.42},{"timestamp":"2026-04-24T02:00:00+00:00","equity":1023.7},{"timestamp":"2026-04-24T03:00:00+00:00","equity":1022.78},{"timestamp":"2026-04-24T04:00:00+00:00","equity":1022.62},{"timestamp":"2026-04-24T05:00:00+00:00","equity":1023.29},{"timestamp":"2026-04-24T06:00:00+00:00","equity":1022.92},{"timestamp":"2026-04-24T07:00:00+00:00","equity":1022.6},{"timestamp":"2026-04-24T08:00:00+00:00","equity":1022.91},{"timestamp":"2026-04-24T09:00:00+00:00","equity":1022.32},{"timestamp":"2026-04-24T10:00:00+00:00","equity":1022.8},{"timestamp":"2026-04-24T11:00:00+00:00","equity":1023.94},{"timestamp":"2026-04-24T12:00:00+00:00","equity":1024.02},{"timestamp":"2026-04-24T13:00:00+00:00","equity":1023.6},{"timestamp":"2026-04-24T14:00:00+00:00","equity":1023.52},{"timestamp":"2026-04-24T15:00:00+00:00","equity":1023.5},{"timestamp":"2026-04-24T16:00:00+00:00","equity":1022.9},{"timestamp":"2026-04-24T17:00:00+00:00","equity":1022.67},{"timestamp":"2026-04-24T18:00:00+00:00","equity":1022.51},{"timestamp":"2026-04-24T19:00:00+00:00","equity":1022.56},{"timestamp":"2026-04-24T20:00:00+00:00","equity":1022.77},{"timestamp":"2026-04-24T21:00:00+00:00","equity":1022.35},{"timestamp":"2026-04-24T22:00:00+00:00","equity":1021.92},{"timestamp":"2026-04-24T23:00:00+00:00","equity":1022.27},{"timestamp":"2026-04-25T00:00:00+00:00","equity":1022.35},{"timestamp":"2026-04-25T01:00:00+00:00","equity":1022.62},{"timestamp":"2026-04-25T02:00:00+00:00","equity":1022.89},{"timestamp":"2026-04-25T03:00:00+00:00","equity":1023.01},{"timestamp":"2026-04-25T04:00:00+00:00","equity":1022.9},{"timestamp":"2026-04-25T05:00:00+00:00","equity":1022.55},{"timestamp":"2026-04-25T06:00:00+00:00","equity":1022.5},{"timestamp":"2026-04-25T07:00:00+00:00","equity":1022.52},{"timestamp":"2026-04-25T08:00:00+00:00","equity":1023.01},{"timestamp":"2026-04-25T09:00:00+00:00","equity":1023.24},{"timestamp":"2026-04-25T10:00:00+00:00","equity":1023.48},{"timestamp":"2026-04-25T11:00:00+00:00","equity":1023.09},{"timestamp":"2026-04-25T12:00:00+00:00","equity":1022.67},{"timestamp":"2026-04-25T13:00:00+00:00","equity":1023.11},{"timestamp":"2026-04-25T14:00:00+00:00","equity":1023.03},{"timestamp":"2026-04-25T15:00:00+00:00","equity":1021.9},{"timestamp":"2026-04-25T16:00:00+00:00","equity":1022.16},{"timestamp":"2026-04-25T17:00:00+00:00","equity":1021.62},{"timestamp":"2026-04-25T18:00:00+00:00","equity":1021.75},{"timestamp":"2026-04-25T19:00:00+00:00","equity":1021.85},{"timestamp":"2026-04-25T20:00:00+00:00","equity":1022.4},{"timestamp":"2026-04-25T21:00:00+00:00","equity":1022.6},{"timestamp":"2026-04-25T22:00:00+00:00","equity":1022.67},{"timestamp":"2026-04-25T23:00:00+00:00","equity":1022.93},{"timestamp":"2026-04-26T00:00:00+00:00","equity":1022.48},{"timestamp":"2026-04-26T01:00:00+00:00","equity":1022.33},{"timestamp":"2026-04-26T02:00:00+00:00","equity":1022.57},{"timestamp":"2026-04-26T03:00:00+00:00","equity":1022.09},{"timestamp":"2026-04-26T04:00:00+00:00","equity":1023.42},{"timestamp":"2026-04-26T05:00:00+00:00","equity":1024.16},{"timestamp":"2026-04-26T06:00:00+00:00","equity":1024.21},{"timestamp":"2026-04-26T07:00:00+00:00","equity":1024.59},{"timestamp":"2026-04-26T08:00:00+00:00","equity":1024.32},{"timestamp":"2026-04-26T09:00:00+00:00","equity":1024.24},{"timestamp":"2026-04-26T10:00:00+00:00","equity":1024.23},{"timestamp":"2026-04-26T11:00:00+00:00","equity":1024.56},{"timestamp":"2026-04-26T12:00:00+00:00","equity":1023.63},{"timestamp":"2026-04-26T13:00:00+00:00","equity":1024.13},{"timestamp":"2026-04-26T14:00:00+00:00","equity":1024.52},{"timestamp":"2026-04-26T15:00:00+00:00","equity":1024.4},{"timestamp":"2026-04-26T16:00:00+00:00","equity":1023.99},{"timestamp":"2026-04-26T17:00:00+00:00","equity":1024.28},{"timestamp":"2026-04-26T18:00:00+00:00","equity":1025.2},{"timestamp":"2026-04-26T19:00:00+00:00","equity":1025.1},{"timestamp":"2026-04-26T20:00:00+00:00","equity":1025.03},{"timestamp":"2026-04-26T21:00:00+00:00","equity":1025.51},{"timestamp":"2026-04-26T22:00:00+00:00","equity":1025.27},{"timestamp":"2026-04-26T23:00:00+00:00","equity":1026.04},{"timestamp":"2026-04-27T00:00:00+00:00","equity":1027.45},{"timestamp":"2026-04-27T01:00:00+00:00","equity":1027.59},{"timestamp":"2026-04-27T02:00:00+00:00","equity":1027.42},{"timestamp":"2026-04-27T03:00:00+00:00","equity":1027.39},{"timestamp":"2026-04-27T04:00:00+00:00","equity":1027.18},{"timestamp":"2026-04-27T05:00:00+00:00","equity":1025.2},{"timestamp":"2026-04-27T06:00:00+00:00","equity":1024.99},{"timestamp":"2026-04-27T07:00:00+00:00","equity":1024.79},{"timestamp":"2026-04-27T08:00:00+00:00","equity":1025.23},{"timestamp":"2026-04-27T09:00:00+00:00","equity":1025.44},{"timestamp":"2026-04-27T10:00:00+00:00","equity":1025.33},{"timestamp":"2026-04-27T11:00:00+00:00","equity":1025.31},{"timestamp":"2026-04-27T12:00:00+00:00","equity":1024.9},{"timestamp":"2026-04-27T13:00:00+00:00","equity":1025.09},{"timestamp":"2026-04-27T14:00:00+00:00","equity":1025.23},{"timestamp":"2026-04-27T15:00:00+00:00","equity":1022.25},{"timestamp":"2026-04-27T16:00:00+00:00","equity":1021.63},{"timestamp":"2026-04-27T17:00:00+00:00","equity":1022.01},{"timestamp":"2026-04-27T18:00:00+00:00","equity":1022.35},{"timestamp":"2026-04-27T19:00:00+00:00","equity":1022.58},{"timestamp":"2026-04-27T20:00:00+00:00","equity":1022.83},{"timestamp":"2026-04-27T21:00:00+00:00","equity":1022.21},{"timestamp":"2026-04-27T22:00:00+00:00","equity":1023.18},{"timestamp":"2026-04-27T23:00:00+00:00","equity":1024.25},{"timestamp":"2026-04-28T00:00:00+00:00","equity":1024.31},{"timestamp":"2026-04-28T01:00:00+00:00","equity":1023.29},{"timestamp":"2026-04-28T02:00:00+00:00","equity":1022.59},{"timestamp":"2026-04-28T03:00:00+00:00","equity":1022.32},{"timestamp":"2026-04-28T04:00:00+00:00","equity":1022.58},{"timestamp":"2026-04-28T05:00:00+00:00","equity":1022.57},{"timestamp":"2026-04-28T06:00:00+00:00","equity":1021.93},{"timestamp":"2026-04-28T07:00:00+00:00","equity":1022.54},{"timestamp":"2026-04-28T08:00:00+00:00","equity":1022.48},{"timestamp":"2026-04-28T09:00:00+00:00","equity":1021.55},{"timestamp":"2026-04-28T10:00:00+00:00","equity":1021.6},{"timestamp":"2026-04-28T11:00:00+00:00","equity":1020.21},{"timestamp":"2026-04-28T12:00:00+00:00","equity":1020.97},{"timestamp":"2026-04-28T13:00:00+00:00","equity":1020.04},{"timestamp":"2026-04-28T14:00:00+00:00","equity":1018.9},{"timestamp":"2026-04-28T15:00:00+00:00","equity":1019.42},{"timestamp":"2026-04-28T16:00:00+00:00","equity":1019.69},{"timestamp":"2026-04-28T17:00:00+00:00","equity":1019.96},{"timestamp":"2026-04-28T18:00:00+00:00","equity":1020.21},{"timestamp":"2026-04-28T19:00:00+00:00","equity":1020.7},{"timestamp":"2026-04-28T20:00:00+00:00","equity":1021.34},{"timestamp":"2026-04-28T21:00:00+00:00","equity":1020.81},{"timestamp":"2026-04-28T22:00:00+00:00","equity":1020.25},{"timestamp":"2026-04-28T23:00:00+00:00","equity":1020.65},{"timestamp":"2026-04-29T00:00:00+00:00","equity":1021.53},{"timestamp":"2026-04-29T01:00:00+00:00","equity":1021.72},{"timestamp":"2026-04-29T02:00:00+00:00","equity":1021.55},{"timestamp":"2026-04-29T03:00:00+00:00","equity":1023.78},{"timestamp":"2026-04-29T04:00:00+00:00","equity":1025.05},{"timestamp":"2026-04-29T05:00:00+00:00","equity":1025.12},{"timestamp":"2026-04-29T06:00:00+00:00","equity":1024.2},{"timestamp":"2026-04-29T07:00:00+00:00","equity":1024.26},{"timestamp":"2026-04-29T08:00:00+00:00","equity":1024.24},{"timestamp":"2026-04-29T09:00:00+00:00","equity":1026.39},{"timestamp":"2026-04-29T10:00:00+00:00","equity":1026.29},{"timestamp":"2026-04-29T11:00:00+00:00","equity":1026.16},{"timestamp":"2026-04-29T12:00:00+00:00","equity":1024.56},{"timestamp":"2026-04-29T13:00:00+00:00","equity":1023.27},{"timestamp":"2026-04-29T14:00:00+00:00","equity":1022.56},{"timestamp":"2026-04-29T15:00:00+00:00","equity":1019.86},{"timestamp":"2026-04-29T16:00:00+00:00","equity":1019.25},{"timestamp":"2026-04-29T17:00:00+00:00","equity":1020.93},{"timestamp":"2026-04-29T18:00:00+00:00","equity":1018.22},{"timestamp":"2026-04-29T19:00:00+00:00","equity":1018.49},{"timestamp":"2026-04-29T20:00:00+00:00","equity":1019.17},{"timestamp":"2026-04-29T21:00:00+00:00","equity":1020.68},{"timestamp":"2026-04-29T22:00:00+00:00","equity":1020.63},{"timestamp":"2026-04-29T23:00:00+00:00","equity":1019.8},{"timestamp":"2026-04-30T00:00:00+00:00","equity":1022.58},{"timestamp":"2026-04-30T01:00:00+00:00","equity":1022.49},{"timestamp":"2026-04-30T02:00:00+00:00","equity":1019.97},{"timestamp":"2026-04-30T03:00:00+00:00","equity":1021.03},{"timestamp":"2026-04-30T04:00:00+00:00","equity":1018.95},{"timestamp":"2026-04-30T05:00:00+00:00","equity":1019.47},{"timestamp":"2026-04-30T06:00:00+00:00","equity":1020.21},{"timestamp":"2026-04-30T07:00:00+00:00","equity":1022.12},{"timestamp":"2026-04-30T08:00:00+00:00","equity":1021.66},{"timestamp":"2026-04-30T09:00:00+00:00","equity":1021.83},{"timestamp":"2026-04-30T10:00:00+00:00","equity":1021.47},{"timestamp":"2026-04-30T11:00:00+00:00","equity":1021.68},{"timestamp":"2026-04-30T12:00:00+00:00","equity":1022.78},{"timestamp":"2026-04-30T13:00:00+00:00","equity":1023.28},{"timestamp":"2026-04-30T14:00:00+00:00","equity":1022.75},{"timestamp":"2026-04-30T15:00:00+00:00","equity":1023.54},{"timestamp":"2026-04-30T16:00:00+00:00","equity":1022.53},{"timestamp":"2026-04-30T17:00:00+00:00","equity":1022.48},{"timestamp":"2026-04-30T18:00:00+00:00","equity":1022.96},{"timestamp":"2026-04-30T19:00:00+00:00","equity":1023.36},{"timestamp":"2026-04-30T20:00:00+00:00","equity":1023.65},{"timestamp":"2026-04-30T21:00:00+00:00","equity":1022.46},{"timestamp":"2026-04-30T22:00:00+00:00","equity":1022.45},{"timestamp":"2026-04-30T23:00:00+00:00","equity":1022.88},{"timestamp":"2026-05-01T00:00:00+00:00","equity":1023.47},{"timestamp":"2026-05-01T01:00:00+00:00","equity":1024.53},{"timestamp":"2026-05-01T02:00:00+00:00","equity":1024.14},{"timestamp":"2026-05-01T03:00:00+00:00","equity":1026.77},{"timestamp":"2026-05-01T04:00:00+00:00","equity":1026.47},{"timestamp":"2026-05-01T05:00:00+00:00","equity":1026.94},{"timestamp":"2026-05-01T06:00:00+00:00","equity":1026.36},{"timestamp":"2026-05-01T07:00:00+00:00","equity":1026.83},{"timestamp":"2026-05-01T08:00:00+00:00","equity":1027.7},{"timestamp":"2026-05-01T09:00:00+00:00","equity":1027.38},{"timestamp":"2026-05-01T10:00:00+00:00","equity":1027.43},{"timestamp":"2026-05-01T11:00:00+00:00","equity":1028.03},{"timestamp":"2026-05-01T12:00:00+00:00","equity":1029.55},{"timestamp":"2026-05-01T13:00:00+00:00","equity":1032.04},{"timestamp":"2026-05-01T14:00:00+00:00","equity":1031.13},{"timestamp":"2026-05-01T15:00:00+00:00","equity":1031.32},{"timestamp":"2026-05-01T16:00:00+00:00","equity":1030.76},{"timestamp":"2026-05-01T17:00:00+00:00","equity":1031.56},{"timestamp":"2026-05-01T18:00:00+00:00","equity":1031.3},{"timestamp":"2026-05-01T19:00:00+00:00","equity":1031.15},{"timestamp":"2026-05-01T20:00:00+00:00","equity":1030.0},{"timestamp":"2026-05-01T21:00:00+00:00","equity":1030.77},{"timestamp":"2026-05-01T22:00:00+00:00","equity":1030.63},{"timestamp":"2026-05-01T23:00:00+00:00","equity":1030.83},{"timestamp":"2026-05-02T00:00:00+00:00","equity":1031.09},{"timestamp":"2026-05-02T01:00:00+00:00","equity":1031.09},{"timestamp":"2026-05-02T02:00:00+00:00","equity":1031.12},{"timestamp":"2026-05-02T03:00:00+00:00","equity":1031.24},{"timestamp":"2026-05-02T04:00:00+00:00","equity":1030.71},{"timestamp":"2026-05-02T05:00:00+00:00","equity":1030.7},{"timestamp":"2026-05-02T06:00:00+00:00","equity":1031.04},{"timestamp":"2026-05-02T07:00:00+00:00","equity":1030.78},{"timestamp":"2026-05-02T08:00:00+00:00","equity":1031.01},{"timestamp":"2026-05-02T09:00:00+00:00","equity":1030.98},{"timestamp":"2026-05-02T10:00:00+00:00","equity":1030.87},{"timestamp":"2026-05-02T11:00:00+00:00","equity":1030.63},{"timestamp":"2026-05-02T12:00:00+00:00","equity":1030.78},{"timestamp":"2026-05-02T13:00:00+00:00","equity":1031.13},{"timestamp":"2026-05-02T14:00:00+00:00","equity":1031.25},{"timestamp":"2026-05-02T15:00:00+00:00","equity":1031.41},{"timestamp":"2026-05-02T16:00:00+00:00","equity":1031.32},{"timestamp":"2026-05-02T17:00:00+00:00","equity":1031.2},{"timestamp":"2026-05-02T18:00:00+00:00","equity":1031.34},{"timestamp":"2026-05-02T19:00:00+00:00","equity":1031.38},{"timestamp":"2026-05-02T20:00:00+00:00","equity":1031.35},{"timestamp":"2026-05-02T21:00:00+00:00","equity":1031.96},{"timestamp":"2026-05-02T22:00:00+00:00","equity":1032.21},{"timestamp":"2026-05-02T23:00:00+00:00","equity":1031.86},{"timestamp":"2026-05-03T00:00:00+00:00","equity":1031.56},{"timestamp":"2026-05-03T01:00:00+00:00","equity":1030.87},{"timestamp":"2026-05-03T02:00:00+00:00","equity":1030.67},{"timestamp":"2026-05-03T03:00:00+00:00","equity":1030.74},{"timestamp":"2026-05-03T04:00:00+00:00","equity":1030.67},{"timestamp":"2026-05-03T05:00:00+00:00","equity":1030.84},{"timestamp":"2026-05-03T06:00:00+00:00","equity":1030.94},{"timestamp":"2026-05-03T07:00:00+00:00","equity":1031.12},{"timestamp":"2026-05-03T08:00:00+00:00","equity":1031.17},{"timestamp":"2026-05-03T09:00:00+00:00","equity":1031.52},{"timestamp":"2026-05-03T10:00:00+00:00","equity":1031.22},{"timestamp":"2026-05-03T11:00:00+00:00","equity":1031.81},{"timestamp":"2026-05-03T12:00:00+00:00","equity":1032.01},{"timestamp":"2026-05-03T13:00:00+00:00","equity":1031.8},{"timestamp":"2026-05-03T14:00:00+00:00","equity":1031.95},{"timestamp":"2026-05-03T15:00:00+00:00","equity":1031.81},{"timestamp":"2026-05-03T16:00:00+00:00","equity":1031.79},{"timestamp":"2026-05-03T17:00:00+00:00","equity":1031.95},{"timestamp":"2026-05-03T18:00:00+00:00","equity":1031.98},{"timestamp":"2026-05-03T19:00:00+00:00","equity":1032.03},{"timestamp":"2026-05-03T20:00:00+00:00","equity":1032.41},{"timestamp":"2026-05-03T21:00:00+00:00","equity":1032.19},{"timestamp":"2026-05-03T22:00:00+00:00","equity":1032.99},{"timestamp":"2026-05-03T23:00:00+00:00","equity":1031.58},{"timestamp":"2026-05-04T00:00:00+00:00","equity":1031.53},{"timestamp":"2026-05-04T01:00:00+00:00","equity":1033.9},{"timestamp":"2026-05-04T02:00:00+00:00","equity":1034.38},{"timestamp":"2026-05-04T03:00:00+00:00","equity":1034.54},{"timestamp":"2026-05-04T04:00:00+00:00","equity":1034.72},{"timestamp":"2026-05-04T05:00:00+00:00","equity":1034.72},{"timestamp":"2026-05-04T06:00:00+00:00","equity":1034.72},{"timestamp":"2026-05-04T07:00:00+00:00","equity":1034.72},{"timestamp":"2026-05-04T08:00:00+00:00","equity":1034.72},{"timestamp":"2026-05-04T09:00:00+00:00","equity":1034.72},{"timestamp":"2026-05-04T10:00:00+00:00","equity":1035.28},{"timestamp":"2026-05-04T11:00:00+00:00","equity":1035.1},{"timestamp":"2026-05-04T12:00:00+00:00","equity":1035.18},{"timestamp":"2026-05-04T13:00:00+00:00","equity":1035.1},{"timestamp":"2026-05-04T14:00:00+00:00","equity":1036.76},{"timestamp":"2026-05-04T15:00:00+00:00","equity":1036.54},{"timestamp":"2026-05-04T16:00:00+00:00","equity":1036.53},{"timestamp":"2026-05-04T17:00:00+00:00","equity":1037.04},{"timestamp":"2026-05-04T18:00:00+00:00","equity":1037.04},{"timestamp":"2026-05-04T19:00:00+00:00","equity":1037.04},{"timestamp":"2026-05-04T20:00:00+00:00","equity":1037.04},{"timestamp":"2026-05-04T21:00:00+00:00","equity":1037.04},{"timestamp":"2026-05-04T22:00:00+00:00","equity":1037.04},{"timestamp":"2026-05-04T23:00:00+00:00","equity":1037.04},{"timestamp":"2026-05-05T00:00:00+00:00","equity":1037.04},{"timestamp":"2026-05-05T01:00:00+00:00","equity":1037.04},{"timestamp":"2026-05-05T02:00:00+00:00","equity":1037.04},{"timestamp":"2026-05-05T03:00:00+00:00","equity":1037.04},{"timestamp":"2026-05-05T04:00:00+00:00","equity":1037.04},{"timestamp":"2026-05-05T05:00:00+00:00","equity":1037.04},{"timestamp":"2026-05-05T06:00:00+00:00","equity":1037.04},{"timestamp":"2026-05-05T07:00:00+00:00","equity":1037.04},{"timestamp":"2026-05-05T08:00:00+00:00","equity":1037.04},{"timestamp":"2026-05-05T09:00:00+00:00","equity":1037.04},{"timestamp":"2026-05-05T10:00:00+00:00","equity":1037.04},{"timestamp":"2026-05-05T11:00:00+00:00","equity":1037.04},{"timestamp":"2026-05-05T12:00:00+00:00","equity":1037.04},{"timestamp":"2026-05-05T13:00:00+00:00","equity":1037.04},{"timestamp":"2026-05-05T14:00:00+00:00","equity":1037.04},{"timestamp":"2026-05-05T15:00:00+00:00","equity":1037.04},{"timestamp":"2026-05-05T16:00:00+00:00","equity":1037.04},{"timestamp":"2026-05-05T17:00:00+00:00","equity":1037.04},{"timestamp":"2026-05-05T18:00:00+00:00","equity":1037.04},{"timestamp":"2026-05-05T19:00:00+00:00","equity":1037.04},{"timestamp":"2026-05-05T20:00:00+00:00","equity":1037.04},{"timestamp":"2026-05-05T21:00:00+00:00","equity":1037.04},{"timestamp":"2026-05-05T22:00:00+00:00","equity":1037.04},{"timestamp":"2026-05-05T23:00:00+00:00","equity":1037.04},{"timestamp":"2026-05-06T00:00:00+00:00","equity":1037.04},{"timestamp":"2026-05-06T01:00:00+00:00","equity":1037.04},{"timestamp":"2026-05-06T02:00:00+00:00","equity":1037.04},{"timestamp":"2026-05-06T03:00:00+00:00","equity":1037.04},{"timestamp":"2026-05-06T04:00:00+00:00","equity":1037.04},{"timestamp":"2026-05-06T05:00:00+00:00","equity":1037.04},{"timestamp":"2026-05-06T06:00:00+00:00","equity":1037.04},{"timestamp":"2026-05-06T07:00:00+00:00","equity":1037.04},{"timestamp":"2026-05-06T08:00:00+00:00","equity":1037.04},{"timestamp":"2026-05-06T09:00:00+00:00","equity":1037.04}],"bar_count":706,"bars":[{"timestamp":"2026-04-07T00:00:00+00:00","open":68860.4609375,"high":69035.9765625,"low":68749.859375,"close":68834.3125,"volume":0.0},{"timestamp":"2026-04-07T01:00:00+00:00","open":68786.0546875,"high":68833.0234375,"low":68372.65625,"close":68407.5,"volume":0.0},{"timestamp":"2026-04-07T02:00:00+00:00","open":68413.4921875,"high":68682.9765625,"low":68286.8046875,"close":68668.671875,"volume":0.0},{"timestamp":"2026-04-07T03:00:00+00:00","open":68672.4375,"high":68777.5859375,"low":68630.9375,"close":68756.09375,"volume":152686592.0},{"timestamp":"2026-04-07T04:00:00+00:00","open":68761.765625,"high":68964.1953125,"low":68544.8125,"close":68876.296875,"volume":0.0},{"timestamp":"2026-04-07T05:00:00+00:00","open":68841.0078125,"high":68841.0078125,"low":68623.734375,"close":68623.734375,"volume":0.0},{"timestamp":"2026-04-07T06:00:00+00:00","open":68632.859375,"high":68638.40625,"low":68432.515625,"close":68559.765625,"volume":0.0},{"timestamp":"2026-04-07T07:00:00+00:00","open":68557.8671875,"high":68679.46875,"low":68491.7734375,"close":68632.78125,"volume":0.0},{"timestamp":"2026-04-07T08:00:00+00:00","open":68618.9140625,"high":68961.609375,"low":68616.34375,"close":68945.296875,"volume":0.0},{"timestamp":"2026-04-07T09:00:00+00:00","open":68945.3984375,"high":69215.59375,"low":68941.453125,"close":69144.3359375,"volume":0.0},{"timestamp":"2026-04-07T10:00:00+00:00","open":69150.4921875,"high":69178.546875,"low":68220.5625,"close":68233.8515625,"volume":133443584.0},{"timestamp":"2026-04-07T11:00:00+00:00","open":68225.6640625,"high":68424.375,"low":68075.421875,"close":68356.046875,"volume":499269632.0},{"timestamp":"2026-04-07T12:00:00+00:00","open":68342.5,"high":68456.1875,"low":68092.734375,"close":68412.96875,"volume":0.0},{"timestamp":"2026-04-07T13:00:00+00:00","open":68379.7890625,"high":68611.0234375,"low":68205.890625,"close":68254.234375,"volume":1097029632.0},{"timestamp":"2026-04-07T14:00:00+00:00","open":68232.203125,"high":68232.203125,"low":67798.203125,"close":67916.6953125,"volume":0.0},{"timestamp":"2026-04-07T15:00:00+00:00","open":67856.078125,"high":68175.578125,"low":67755.734375,"close":68141.9921875,"volume":1760526336.0},{"timestamp":"2026-04-07T16:00:00+00:00","open":68151.7109375,"high":68366.703125,"low":68102.5546875,"close":68216.5859375,"volume":0.0},{"timestamp":"2026-04-07T17:00:00+00:00","open":68213.9296875,"high":68783.3515625,"low":68197.21875,"close":68707.1875,"volume":0.0},{"timestamp":"2026-04-07T18:00:00+00:00","open":68692.15625,"high":68745.515625,"low":68348.3125,"close":68426.2734375,"volume":93362176.0},{"timestamp":"2026-04-07T19:00:00+00:00","open":68428.25,"high":69064.8359375,"low":68372.921875,"close":68958.59375,"volume":1083127808.0},{"timestamp":"2026-04-07T20:00:00+00:00","open":69001.296875,"high":69502.0703125,"low":69001.296875,"close":69281.7109375,"volume":1242095616.0},{"timestamp":"2026-04-07T21:00:00+00:00","open":69301.40625,"high":70160.59375,"low":69301.40625,"close":69908.7421875,"volume":1996890112.0},{"timestamp":"2026-04-07T22:00:00+00:00","open":69911.75,"high":71430.3515625,"low":69911.75,"close":71430.3515625,"volume":3171405824.0},{"timestamp":"2026-04-07T23:00:00+00:00","open":71482.6015625,"high":72484.7734375,"low":71232.0703125,"close":71950.1484375,"volume":3808813056.0},{"timestamp":"2026-04-08T00:00:00+00:00","open":71926.15625,"high":72057.078125,"low":71556.203125,"close":71673.5703125,"volume":1310101504.0},{"timestamp":"2026-04-08T01:00:00+00:00","open":71688.7890625,"high":71729.0,"low":71454.5234375,"close":71457.9453125,"volume":169504768.0},{"timestamp":"2026-04-08T02:00:00+00:00","open":71462.34375,"high":71700.5625,"low":71276.15625,"close":71323.6015625,"volume":903651328.0},{"timestamp":"2026-04-08T03:00:00+00:00","open":71322.296875,"high":71466.1875,"low":71273.4453125,"close":71289.5078125,"volume":332660736.0},{"timestamp":"2026-04-08T04:00:00+00:00","open":71286.9296875,"high":71631.9765625,"low":71286.9296875,"close":71588.4609375,"volume":481091584.0},{"timestamp":"2026-04-08T05:00:00+00:00","open":71566.6953125,"high":71793.8671875,"low":71550.8359375,"close":71718.125,"volume":623226880.0},{"timestamp":"2026-04-08T06:00:00+00:00","open":71714.875,"high":71911.2734375,"low":71601.90625,"close":71720.1875,"volume":66224128.0},{"timestamp":"2026-04-08T07:00:00+00:00","open":71712.5703125,"high":71882.296875,"low":71601.6328125,"close":71608.8203125,"volume":1684774912.0},{"timestamp":"2026-04-08T08:00:00+00:00","open":71628.890625,"high":71814.53125,"low":71628.890625,"close":71759.0546875,"volume":329363456.0},{"timestamp":"2026-04-08T09:00:00+00:00","open":71787.71875,"high":71932.7578125,"low":71592.203125,"close":71679.1796875,"volume":0.0},{"timestamp":"2026-04-08T10:00:00+00:00","open":71672.5546875,"high":71714.15625,"low":71476.21875,"close":71491.28125,"volume":0.0},{"timestamp":"2026-04-08T11:00:00+00:00","open":71484.3203125,"high":71711.5390625,"low":71417.4609375,"close":71665.8984375,"volume":102031360.0},{"timestamp":"2026-04-08T12:00:00+00:00","open":71671.8984375,"high":72078.859375,"low":71634.3203125,"close":72078.859375,"volume":316997632.0},{"timestamp":"2026-04-08T13:00:00+00:00","open":72072.5859375,"high":72739.1796875,"low":71523.8359375,"close":71523.8359375,"volume":2873823232.0},{"timestamp":"2026-04-08T14:00:00+00:00","open":71598.1171875,"high":71704.453125,"low":70754.125,"close":70838.4921875,"volume":940003328.0},{"timestamp":"2026-04-08T15:00:00+00:00","open":70868.1171875,"high":71326.078125,"low":70868.1171875,"close":71301.046875,"volume":307560448.0},{"timestamp":"2026-04-08T16:00:00+00:00","open":71295.5390625,"high":71637.2734375,"low":71272.5546875,"close":71619.1796875,"volume":137367552.0},{"timestamp":"2026-04-08T17:00:00+00:00","open":71600.4765625,"high":71937.984375,"low":71509.0546875,"close":71910.0546875,"volume":182030336.0},{"timestamp":"2026-04-08T18:00:00+00:00","open":71885.625,"high":71885.625,"low":71107.8828125,"close":71126.171875,"volume":246755328.0},{"timestamp":"2026-04-08T19:00:00+00:00","open":71090.7734375,"high":71353.8671875,"low":71078.375,"close":71301.3984375,"volume":0.0},{"timestamp":"2026-04-08T20:00:00+00:00","open":71319.5703125,"high":71480.0234375,"low":71289.65625,"close":71367.4765625,"volume":0.0},{"timestamp":"2026-04-08T21:00:00+00:00","open":71353.890625,"high":71721.1015625,"low":71339.625,"close":71518.7890625,"volume":0.0},{"timestamp":"2026-04-08T22:00:00+00:00","open":71546.6796875,"high":71546.6796875,"low":71088.3046875,"close":71088.3046875,"volume":0.0},{"timestamp":"2026-04-08T23:00:00+00:00","open":70972.7578125,"high":71164.3984375,"low":70923.90625,"close":71115.125,"volume":0.0},{"timestamp":"2026-04-09T00:00:00+00:00","open":71093.7578125,"high":71093.7578125,"low":70688.7890625,"close":70834.7734375,"volume":0.0},{"timestamp":"2026-04-09T01:00:00+00:00","open":70810.5703125,"high":70918.890625,"low":70528.3125,"close":70911.1875,"volume":0.0},{"timestamp":"2026-04-09T02:00:00+00:00","open":70920.3984375,"high":71157.859375,"low":70820.84375,"close":71069.421875,"volume":0.0},{"timestamp":"2026-04-09T03:00:00+00:00","open":71036.3046875,"high":71085.8671875,"low":70860.5390625,"close":70979.9140625,"volume":249393152.0},{"timestamp":"2026-04-09T04:00:00+00:00","open":70984.984375,"high":70992.3046875,"low":70766.5390625,"close":70766.5390625,"volume":0.0},{"timestamp":"2026-04-09T05:00:00+00:00","open":70758.9765625,"high":71077.4921875,"low":70730.6796875,"close":70972.8203125,"volume":0.0},{"timestamp":"2026-04-09T06:00:00+00:00","open":70975.71875,"high":71069.796875,"low":70854.921875,"close":71009.359375,"volume":0.0},{"timestamp":"2026-04-09T07:00:00+00:00","open":71023.703125,"high":71076.234375,"low":70964.1015625,"close":70964.1015625,"volume":0.0},{"timestamp":"2026-04-09T08:00:00+00:00","open":70968.703125,"high":71333.6875,"low":70901.5625,"close":71245.546875,"volume":0.0},{"timestamp":"2026-04-09T09:00:00+00:00","open":71258.9921875,"high":71536.890625,"low":71120.1640625,"close":71505.09375,"volume":0.0},{"timestamp":"2026-04-09T10:00:00+00:00","open":71503.3359375,"high":71503.3359375,"low":71292.984375,"close":71292.984375,"volume":0.0},{"timestamp":"2026-04-09T11:00:00+00:00","open":71287.6953125,"high":71321.0703125,"low":71080.546875,"close":71157.0078125,"volume":0.0},{"timestamp":"2026-04-09T12:00:00+00:00","open":71151.8515625,"high":71270.9375,"low":71059.296875,"close":71269.7109375,"volume":0.0},{"timestamp":"2026-04-09T13:00:00+00:00","open":71267.5859375,"high":71267.5859375,"low":70650.7890625,"close":70812.71875,"volume":0.0},{"timestamp":"2026-04-09T14:00:00+00:00","open":70796.671875,"high":71200.6640625,"low":70549.265625,"close":71116.171875,"volume":0.0},{"timestamp":"2026-04-09T15:00:00+00:00","open":71124.2421875,"high":72317.9921875,"low":70938.3984375,"close":72103.4296875,"volume":1492318208.0},{"timestamp":"2026-04-09T16:00:00+00:00","open":72122.2265625,"high":72345.6875,"low":71784.3515625,"close":72019.4765625,"volume":1328070656.0},{"timestamp":"2026-04-09T17:00:00+00:00","open":72262.65625,"high":72519.0859375,"low":72132.3828125,"close":72345.8828125,"volume":872480768.0},{"timestamp":"2026-04-09T18:00:00+00:00","open":72293.109375,"high":72293.109375,"low":71774.890625,"close":71886.0859375,"volume":0.0},{"timestamp":"2026-04-09T19:00:00+00:00","open":71890.2578125,"high":72252.6484375,"low":71785.296875,"close":72090.484375,"volume":0.0},{"timestamp":"2026-04-09T20:00:00+00:00","open":72109.1328125,"high":72436.1328125,"low":72037.734375,"close":72390.7109375,"volume":1248124928.0},{"timestamp":"2026-04-09T21:00:00+00:00","open":72414.75,"high":72651.953125,"low":72178.1171875,"close":72256.9765625,"volume":485777408.0},{"timestamp":"2026-04-09T22:00:00+00:00","open":72258.2578125,"high":73004.65625,"low":72041.1171875,"close":72041.1171875,"volume":1449922560.0},{"timestamp":"2026-04-09T23:00:00+00:00","open":71962.484375,"high":72000.1171875,"low":71637.8125,"close":71774.3671875,"volume":609611776.0},{"timestamp":"2026-04-10T00:00:00+00:00","open":71783.515625,"high":72004.9296875,"low":71609.296875,"close":71907.890625,"volume":271847424.0},{"timestamp":"2026-04-10T01:00:00+00:00","open":71932.625,"high":72377.25,"low":71730.296875,"close":72172.6484375,"volume":403632128.0},{"timestamp":"2026-04-10T02:00:00+00:00","open":72166.3984375,"high":72281.828125,"low":71928.1953125,"close":71953.8515625,"volume":0.0},{"timestamp":"2026-04-10T03:00:00+00:00","open":71961.484375,"high":71974.7890625,"low":71817.3515625,"close":71866.9375,"volume":0.0},{"timestamp":"2026-04-10T04:00:00+00:00","open":71888.7265625,"high":72114.984375,"low":71845.609375,"close":72075.203125,"volume":367677440.0},{"timestamp":"2026-04-10T05:00:00+00:00","open":72101.890625,"high":72255.078125,"low":72027.4140625,"close":72110.9609375,"volume":370974720.0},{"timestamp":"2026-04-10T06:00:00+00:00","open":72124.4765625,"high":72148.390625,"low":71804.453125,"close":71818.6171875,"volume":0.0},{"timestamp":"2026-04-10T07:00:00+00:00","open":71817.7890625,"high":71827.6640625,"low":71445.828125,"close":71474.5234375,"volume":0.0},{"timestamp":"2026-04-10T08:00:00+00:00","open":71484.5546875,"high":71747.3671875,"low":71444.78125,"close":71601.859375,"volume":250580992.0},{"timestamp":"2026-04-10T09:00:00+00:00","open":71607.3828125,"high":71853.765625,"low":71597.328125,"close":71796.2734375,"volume":0.0},{"timestamp":"2026-04-10T10:00:00+00:00","open":71790.0390625,"high":71927.125,"low":71724.765625,"close":71927.125,"volume":0.0},{"timestamp":"2026-04-10T11:00:00+00:00","open":71914.7734375,"high":72250.0703125,"low":71914.7734375,"close":72120.9609375,"volume":588943360.0},{"timestamp":"2026-04-10T12:00:00+00:00","open":72123.65625,"high":72420.3515625,"low":72051.0234375,"close":72259.9296875,"volume":67821568.0},{"timestamp":"2026-04-10T13:00:00+00:00","open":72259.9375,"high":72353.125,"low":71946.921875,"close":72353.125,"volume":655417344.0},{"timestamp":"2026-04-10T14:00:00+00:00","open":72328.6796875,"high":73117.5390625,"low":72328.6796875,"close":72902.0234375,"volume":2228338688.0},{"timestamp":"2026-04-10T15:00:00+00:00","open":72958.8125,"high":73289.9140625,"low":72403.5390625,"close":72403.5390625,"volume":0.0},{"timestamp":"2026-04-10T16:00:00+00:00","open":72431.109375,"high":73034.765625,"low":72420.078125,"close":73034.765625,"volume":0.0},{"timestamp":"2026-04-10T17:00:00+00:00","open":73002.578125,"high":73114.03125,"low":72838.140625,"close":73101.09375,"volume":0.0},{"timestamp":"2026-04-10T18:00:00+00:00","open":73134.140625,"high":73134.140625,"low":72913.828125,"close":73114.046875,"volume":0.0},{"timestamp":"2026-04-10T19:00:00+00:00","open":73118.453125,"high":73263.1015625,"low":72945.1015625,"close":73234.4453125,"volume":53522432.0},{"timestamp":"2026-04-10T20:00:00+00:00","open":73218.1953125,"high":73421.8125,"low":73081.796875,"close":73377.0703125,"volume":496521216.0},{"timestamp":"2026-04-10T21:00:00+00:00","open":73371.953125,"high":73371.953125,"low":72993.9296875,"close":73203.6953125,"volume":0.0},{"timestamp":"2026-04-10T22:00:00+00:00","open":73202.296875,"high":73223.703125,"low":72834.515625,"close":72919.671875,"volume":0.0},{"timestamp":"2026-04-10T23:00:00+00:00","open":72908.984375,"high":72976.125,"low":72822.1328125,"close":72976.125,"volume":9138176.0},{"timestamp":"2026-04-11T00:00:00+00:00","open":72974.1953125,"high":72974.1953125,"low":72829.4453125,"close":72841.375,"volume":0.0},{"timestamp":"2026-04-11T01:00:00+00:00","open":72844.015625,"high":73003.703125,"low":72722.609375,"close":72955.96875,"volume":0.0},{"timestamp":"2026-04-11T02:00:00+00:00","open":72954.3125,"high":73116.5234375,"low":72946.8203125,"close":72984.203125,"volume":27906048.0},{"timestamp":"2026-04-11T03:00:00+00:00","open":72981.1484375,"high":73098.7265625,"low":72867.390625,"close":72867.390625,"volume":0.0},{"timestamp":"2026-04-11T04:00:00+00:00","open":72886.9375,"high":72972.625,"low":72738.515625,"close":72824.890625,"volume":0.0},{"timestamp":"2026-04-11T05:00:00+00:00","open":72843.453125,"high":72862.75,"low":72706.6484375,"close":72759.265625,"volume":0.0},{"timestamp":"2026-04-11T06:00:00+00:00","open":72744.8828125,"high":72801.0859375,"low":72676.46875,"close":72801.0859375,"volume":0.0},{"timestamp":"2026-04-11T07:00:00+00:00","open":72794.328125,"high":72848.59375,"low":72719.5390625,"close":72738.2890625,"volume":0.0},{"timestamp":"2026-04-11T08:00:00+00:00","open":72768.2421875,"high":72820.59375,"low":72681.109375,"close":72715.7109375,"volume":0.0},{"timestamp":"2026-04-11T09:00:00+00:00","open":72704.0703125,"high":72917.6328125,"low":72659.4375,"close":72913.359375,"volume":0.0},{"timestamp":"2026-04-11T10:00:00+00:00","open":72937.609375,"high":72938.2265625,"low":72797.5703125,"close":72864.703125,"volume":0.0},{"timestamp":"2026-04-11T11:00:00+00:00","open":72861.7109375,"high":72945.75,"low":72858.3828125,"close":72925.703125,"volume":0.0},{"timestamp":"2026-04-11T12:00:00+00:00","open":72923.6796875,"high":73003.6796875,"low":72846.046875,"close":72967.8203125,"volume":0.0},{"timestamp":"2026-04-11T13:00:00+00:00","open":72844.8203125,"high":72847.7890625,"low":72594.53125,"close":72701.921875,"volume":0.0},{"timestamp":"2026-04-11T14:00:00+00:00","open":72693.8984375,"high":72771.796875,"low":72638.1796875,"close":72745.453125,"volume":0.0},{"timestamp":"2026-04-11T15:00:00+00:00","open":72745.6171875,"high":72883.3125,"low":72712.1953125,"close":72880.890625,"volume":0.0},{"timestamp":"2026-04-11T16:00:00+00:00","open":72886.515625,"high":73199.65625,"low":72850.484375,"close":73102.703125,"volume":0.0},{"timestamp":"2026-04-11T17:00:00+00:00","open":73080.1640625,"high":73178.5859375,"low":72978.109375,"close":73097.2109375,"volume":0.0},{"timestamp":"2026-04-11T18:00:00+00:00","open":73106.21875,"high":73700.171875,"low":73073.71875,"close":73544.5703125,"volume":224630784.0},{"timestamp":"2026-04-11T19:00:00+00:00","open":73555.78125,"high":73724.78125,"low":73514.65625,"close":73683.421875,"volume":0.0},{"timestamp":"2026-04-11T20:00:00+00:00","open":73687.1015625,"high":73687.1015625,"low":73284.3515625,"close":73331.3046875,"volume":0.0},{"timestamp":"2026-04-11T21:00:00+00:00","open":73324.375,"high":73539.8203125,"low":73272.140625,"close":73476.75,"volume":0.0},{"timestamp":"2026-04-11T22:00:00+00:00","open":73449.1328125,"high":73550.828125,"low":73270.546875,"close":73388.0546875,"volume":0.0},{"timestamp":"2026-04-11T23:00:00+00:00","open":73390.8125,"high":73390.8125,"low":72963.15625,"close":73056.046875,"volume":352256.0},{"timestamp":"2026-04-12T00:00:00+00:00","open":73057.15625,"high":73124.0859375,"low":72932.578125,"close":73068.3828125,"volume":0.0},{"timestamp":"2026-04-12T01:00:00+00:00","open":73083.3515625,"high":73141.5,"low":71527.5625,"close":71666.203125,"volume":2032969728.0},{"timestamp":"2026-04-12T02:00:00+00:00","open":71662.8671875,"high":71961.015625,"low":71464.046875,"close":71810.359375,"volume":920907776.0},{"timestamp":"2026-04-12T03:00:00+00:00","open":71790.203125,"high":71860.9296875,"low":71626.78125,"close":71660.0546875,"volume":144060416.0},{"timestamp":"2026-04-12T04:00:00+00:00","open":71621.7890625,"high":71678.65625,"low":71481.25,"close":71490.046875,"volume":257187840.0},{"timestamp":"2026-04-12T05:00:00+00:00","open":71487.3984375,"high":71785.1328125,"low":71487.3984375,"close":71740.96875,"volume":396326912.0},{"timestamp":"2026-04-12T06:00:00+00:00","open":71735.875,"high":71762.03125,"low":71663.28125,"close":71675.6640625,"volume":18329600.0},{"timestamp":"2026-04-12T07:00:00+00:00","open":71673.453125,"high":71765.0234375,"low":71612.8359375,"close":71747.28125,"volume":0.0},{"timestamp":"2026-04-12T08:00:00+00:00","open":71712.4296875,"high":71789.8125,"low":71625.328125,"close":71639.640625,"volume":692613120.0},{"timestamp":"2026-04-12T09:00:00+00:00","open":71650.3359375,"high":71654.359375,"low":71543.8046875,"close":71561.8203125,"volume":94949376.0},{"timestamp":"2026-04-12T10:00:00+00:00","open":71563.4296875,"high":71676.1875,"low":71405.109375,"close":71458.2734375,"volume":101920768.0},{"timestamp":"2026-04-12T11:00:00+00:00","open":71465.1640625,"high":71545.5546875,"low":71448.3203125,"close":71494.46875,"volume":383551488.0},{"timestamp":"2026-04-12T12:00:00+00:00","open":71493.9921875,"high":71515.1484375,"low":71129.40625,"close":71158.734375,"volume":516511744.0},{"timestamp":"2026-04-12T13:00:00+00:00","open":71004.1640625,"high":71102.6796875,"low":70895.84375,"close":70895.84375,"volume":687714304.0},{"timestamp":"2026-04-12T14:00:00+00:00","open":70906.40625,"high":71084.5546875,"low":70739.6015625,"close":70807.34375,"volume":594534400.0},{"timestamp":"2026-04-12T15:00:00+00:00","open":70768.640625,"high":70944.4453125,"low":70721.7890625,"close":70906.8203125,"volume":588967936.0},{"timestamp":"2026-04-12T16:00:00+00:00","open":70886.1015625,"high":70959.578125,"low":70856.4140625,"close":70902.7578125,"volume":0.0},{"timestamp":"2026-04-12T17:00:00+00:00","open":70958.9921875,"high":71198.3984375,"low":70934.234375,"close":71143.1328125,"volume":97961984.0},{"timestamp":"2026-04-12T18:00:00+00:00","open":71125.421875,"high":71221.2109375,"low":71091.5625,"close":71161.0703125,"volume":0.0},{"timestamp":"2026-04-12T19:00:00+00:00","open":71158.640625,"high":71234.3046875,"low":71081.5859375,"close":71114.7265625,"volume":0.0},{"timestamp":"2026-04-12T20:00:00+00:00","open":71110.75,"high":71431.6953125,"low":70971.484375,"close":71359.3984375,"volume":137883648.0},{"timestamp":"2026-04-12T21:00:00+00:00","open":71349.5390625,"high":71452.2265625,"low":71228.7109375,"close":71284.375,"volume":0.0},{"timestamp":"2026-04-12T22:00:00+00:00","open":71345.109375,"high":71345.109375,"low":70593.453125,"close":70901.7890625,"volume":1398806528.0},{"timestamp":"2026-04-12T23:00:00+00:00","open":70917.5625,"high":70917.5625,"low":70581.140625,"close":70757.6171875,"volume":224360448.0},{"timestamp":"2026-04-13T00:00:00+00:00","open":70741.296875,"high":71229.5703125,"low":70629.453125,"close":71159.4609375,"volume":292968448.0},{"timestamp":"2026-04-13T01:00:00+00:00","open":71174.0625,"high":71224.4453125,"low":71064.9140625,"close":71221.5,"volume":0.0},{"timestamp":"2026-04-13T02:00:00+00:00","open":71199.1796875,"high":71264.46875,"low":71013.8515625,"close":71080.9375,"volume":0.0},{"timestamp":"2026-04-13T03:00:00+00:00","open":71063.625,"high":71126.6328125,"low":70951.0078125,"close":70989.6875,"volume":0.0},{"timestamp":"2026-04-13T04:00:00+00:00","open":70981.3125,"high":71120.4453125,"low":70866.296875,"close":70932.84375,"volume":450109440.0},{"timestamp":"2026-04-13T05:00:00+00:00","open":70904.03125,"high":70916.1796875,"low":70713.4921875,"close":70857.4375,"volume":975269888.0},{"timestamp":"2026-04-13T06:00:00+00:00","open":70870.625,"high":71077.578125,"low":70870.625,"close":71064.859375,"volume":1428049920.0},{"timestamp":"2026-04-13T07:00:00+00:00","open":71043.46875,"high":71043.46875,"low":70699.671875,"close":70831.3125,"volume":1218619392.0},{"timestamp":"2026-04-13T08:00:00+00:00","open":70810.34375,"high":70846.5078125,"low":70588.5234375,"close":70667.7890625,"volume":1922785280.0},{"timestamp":"2026-04-13T09:00:00+00:00","open":70667.7890625,"high":70881.15625,"low":70667.7890625,"close":70789.25,"volume":0.0},{"timestamp":"2026-04-13T10:00:00+00:00","open":70791.625,"high":70835.046875,"low":70727.5,"close":70745.5390625,"volume":0.0},{"timestamp":"2026-04-13T11:00:00+00:00","open":70738.1796875,"high":70960.5546875,"low":70738.1796875,"close":70947.2109375,"volume":256931840.0},{"timestamp":"2026-04-13T12:00:00+00:00","open":70883.4453125,"high":71195.453125,"low":70788.5,"close":71102.421875,"volume":43233280.0},{"timestamp":"2026-04-13T13:00:00+00:00","open":71127.4453125,"high":71608.9296875,"low":70859.5234375,"close":71608.9296875,"volume":1137176576.0},{"timestamp":"2026-04-13T14:00:00+00:00","open":71657.2890625,"high":72420.1171875,"low":71485.4453125,"close":72420.1171875,"volume":2789216256.0},{"timestamp":"2026-04-13T15:00:00+00:00","open":72408.421875,"high":72408.421875,"low":71691.8515625,"close":71838.046875,"volume":2246270976.0},{"timestamp":"2026-04-13T16:00:00+00:00","open":71909.3828125,"high":72436.6171875,"low":71821.390625,"close":72204.7265625,"volume":2313646080.0},{"timestamp":"2026-04-13T17:00:00+00:00","open":72187.40625,"high":72560.015625,"low":72151.6171875,"close":72153.3984375,"volume":2198884352.0},{"timestamp":"2026-04-13T18:00:00+00:00","open":72168.9765625,"high":72457.6875,"low":72101.75,"close":72457.6875,"volume":1392091136.0},{"timestamp":"2026-04-13T19:00:00+00:00","open":72454.0078125,"high":73472.53125,"low":72327.703125,"close":73373.984375,"volume":3468292096.0},{"timestamp":"2026-04-13T20:00:00+00:00","open":73379.046875,"high":73379.046875,"low":73046.53125,"close":73204.078125,"volume":1933516800.0},{"timestamp":"2026-04-13T21:00:00+00:00","open":73182.1171875,"high":73338.9609375,"low":73137.4140625,"close":73229.1640625,"volume":616419328.0},{"timestamp":"2026-04-13T22:00:00+00:00","open":73208.84375,"high":74699.296875,"low":73208.84375,"close":74640.609375,"volume":2595000320.0},{"timestamp":"2026-04-13T23:00:00+00:00","open":74546.9921875,"high":74856.671875,"low":74485.984375,"close":74532.7421875,"volume":2946129920.0},{"timestamp":"2026-04-14T00:00:00+00:00","open":74442.2265625,"high":74504.140625,"low":74162.0234375,"close":74162.0234375,"volume":108036096.0},{"timestamp":"2026-04-14T01:00:00+00:00","open":74145.921875,"high":74427.2734375,"low":74074.78125,"close":74378.9921875,"volume":2039922688.0},{"timestamp":"2026-04-14T02:00:00+00:00","open":74404.7109375,"high":74566.109375,"low":74317.484375,"close":74374.3671875,"volume":0.0},{"timestamp":"2026-04-14T03:00:00+00:00","open":74365.78125,"high":74499.0078125,"low":74291.6796875,"close":74454.3828125,"volume":392503296.0},{"timestamp":"2026-04-14T04:00:00+00:00","open":74450.8515625,"high":74512.1640625,"low":74391.2421875,"close":74397.703125,"volume":0.0},{"timestamp":"2026-04-14T05:00:00+00:00","open":74393.7578125,"high":74418.0859375,"low":74192.1875,"close":74209.84375,"volume":0.0},{"timestamp":"2026-04-14T06:00:00+00:00","open":74312.171875,"high":74565.7734375,"low":74299.1484375,"close":74565.7734375,"volume":238682112.0},{"timestamp":"2026-04-14T07:00:00+00:00","open":74551.2734375,"high":74930.4296875,"low":74511.1953125,"close":74547.5546875,"volume":1304555520.0},{"timestamp":"2026-04-14T08:00:00+00:00","open":74547.046875,"high":74901.6875,"low":74510.515625,"close":74776.1640625,"volume":905838592.0},{"timestamp":"2026-04-14T09:00:00+00:00","open":74770.9375,"high":74845.84375,"low":74469.1640625,"close":74538.09375,"volume":705634304.0},{"timestamp":"2026-04-14T10:00:00+00:00","open":74506.390625,"high":74638.0703125,"low":74363.4921875,"close":74423.4453125,"volume":603942912.0},{"timestamp":"2026-04-14T11:00:00+00:00","open":74395.28125,"high":74465.9609375,"low":74333.2734375,"close":74456.0,"volume":460406784.0},{"timestamp":"2026-04-14T12:00:00+00:00","open":74398.828125,"high":74457.5859375,"low":74297.015625,"close":74457.5859375,"volume":120107008.0},{"timestamp":"2026-04-14T13:00:00+00:00","open":74455.375,"high":75495.4765625,"low":74455.375,"close":75490.3984375,"volume":1937948672.0},{"timestamp":"2026-04-14T14:00:00+00:00","open":75532.8046875,"high":76009.03125,"low":75180.125,"close":75180.125,"volume":3226267648.0},{"timestamp":"2026-04-14T15:00:00+00:00","open":75090.1796875,"high":75423.8984375,"low":74743.2890625,"close":75367.1640625,"volume":628752384.0},{"timestamp":"2026-04-14T16:00:00+00:00","open":75390.9609375,"high":75666.0390625,"low":74566.21875,"close":74566.21875,"volume":0.0},{"timestamp":"2026-04-14T17:00:00+00:00","open":74653.4140625,"high":74947.6328125,"low":74332.015625,"close":74766.5,"volume":0.0},{"timestamp":"2026-04-14T18:00:00+00:00","open":74806.2109375,"high":74809.5546875,"low":73946.8515625,"close":74097.0625,"volume":653688832.0},{"timestamp":"2026-04-14T19:00:00+00:00","open":74132.796875,"high":74403.9296875,"low":73960.7578125,"close":74265.8984375,"volume":0.0},{"timestamp":"2026-04-14T20:00:00+00:00","open":74329.203125,"high":74423.1484375,"low":74052.28125,"close":74052.28125,"volume":0.0},{"timestamp":"2026-04-14T21:00:00+00:00","open":74157.2109375,"high":74343.96875,"low":73982.46875,"close":74315.2890625,"volume":0.0},{"timestamp":"2026-04-14T22:00:00+00:00","open":74272.21875,"high":74413.2109375,"low":73905.1796875,"close":74067.359375,"volume":0.0},{"timestamp":"2026-04-14T23:00:00+00:00","open":74067.3203125,"high":74269.2578125,"low":74046.1796875,"close":74186.5390625,"volume":73728.0},{"timestamp":"2026-04-15T00:00:00+00:00","open":74176.09375,"high":74721.828125,"low":74153.2734375,"close":74601.5,"volume":1786605568.0},{"timestamp":"2026-04-15T01:00:00+00:00","open":74585.2734375,"high":74828.609375,"low":74531.28125,"close":74649.0,"volume":0.0},{"timestamp":"2026-04-15T02:00:00+00:00","open":74645.4609375,"high":74725.859375,"low":74218.1484375,"close":74359.84375,"volume":0.0},{"timestamp":"2026-04-15T03:00:00+00:00","open":74364.78125,"high":74405.9921875,"low":74214.53125,"close":74376.75,"volume":0.0},{"timestamp":"2026-04-15T04:00:00+00:00","open":74377.8515625,"high":74471.1796875,"low":74294.0078125,"close":74354.171875,"volume":0.0},{"timestamp":"2026-04-15T05:00:00+00:00","open":74369.9765625,"high":74463.9921875,"low":73912.578125,"close":74054.953125,"volume":0.0},{"timestamp":"2026-04-15T06:00:00+00:00","open":74036.921875,"high":74081.578125,"low":73902.921875,"close":73924.0,"volume":0.0},{"timestamp":"2026-04-15T07:00:00+00:00","open":73946.921875,"high":74048.46875,"low":73545.0,"close":73771.34375,"volume":68005888.0},{"timestamp":"2026-04-15T08:00:00+00:00","open":73776.828125,"high":74219.0078125,"low":73706.0,"close":74139.28125,"volume":0.0},{"timestamp":"2026-04-15T09:00:00+00:00","open":74139.9921875,"high":74213.4296875,"low":73930.25,"close":74033.4609375,"volume":0.0},{"timestamp":"2026-04-15T10:00:00+00:00","open":74019.359375,"high":74261.8828125,"low":73822.03125,"close":73890.8984375,"volume":151773184.0},{"timestamp":"2026-04-15T11:00:00+00:00","open":73906.546875,"high":74276.2421875,"low":73895.2890625,"close":74233.3203125,"volume":0.0},{"timestamp":"2026-04-15T12:00:00+00:00","open":74236.328125,"high":74475.671875,"low":74076.0078125,"close":74310.0625,"volume":292081664.0},{"timestamp":"2026-04-15T13:00:00+00:00","open":74302.453125,"high":74457.078125,"low":73836.0625,"close":74075.859375,"volume":0.0},{"timestamp":"2026-04-15T14:00:00+00:00","open":74082.0234375,"high":74531.6484375,"low":73855.53125,"close":74149.65625,"volume":0.0},{"timestamp":"2026-04-15T15:00:00+00:00","open":74164.8125,"high":74311.3828125,"low":73629.4375,"close":73872.0078125,"volume":0.0},{"timestamp":"2026-04-15T16:00:00+00:00","open":73850.0390625,"high":74192.28125,"low":73783.4921875,"close":73956.7265625,"volume":0.0},{"timestamp":"2026-04-15T17:00:00+00:00","open":73960.140625,"high":74253.6015625,"low":73929.9921875,"close":74154.9921875,"volume":0.0},{"timestamp":"2026-04-15T18:00:00+00:00","open":74139.421875,"high":74430.1328125,"low":74086.2265625,"close":74410.0,"volume":0.0},{"timestamp":"2026-04-15T19:00:00+00:00","open":74420.0078125,"high":75310.1015625,"low":74390.0,"close":75026.3203125,"volume":160878592.0},{"timestamp":"2026-04-15T20:00:00+00:00","open":75057.6796875,"high":75069.921875,"low":74541.0625,"close":74872.1484375,"volume":200192000.0},{"timestamp":"2026-04-15T21:00:00+00:00","open":74860.0390625,"high":74888.8828125,"low":74572.078125,"close":74765.3828125,"volume":0.0},{"timestamp":"2026-04-15T22:00:00+00:00","open":74784.7109375,"high":75400.0,"low":74763.890625,"close":74984.3828125,"volume":0.0},{"timestamp":"2026-04-15T23:00:00+00:00","open":74958.421875,"high":74969.703125,"low":74639.0,"close":74825.8671875,"volume":0.0},{"timestamp":"2026-04-16T00:00:00+00:00","open":74845.609375,"high":74899.15625,"low":74478.8203125,"close":74834.34375,"volume":0.0},{"timestamp":"2026-04-16T01:00:00+00:00","open":74810.0,"high":74810.0,"low":74494.21875,"close":74681.46875,"volume":0.0},{"timestamp":"2026-04-16T02:00:00+00:00","open":74681.4609375,"high":75284.0078125,"low":74614.59375,"close":74896.546875,"volume":0.0},{"timestamp":"2026-04-16T03:00:00+00:00","open":74890.9296875,"high":75155.8203125,"low":74880.1484375,"close":74904.2109375,"volume":2016497664.0},{"timestamp":"2026-04-16T04:00:00+00:00","open":74901.15625,"high":75185.8671875,"low":74751.0625,"close":74964.6484375,"volume":0.0},{"timestamp":"2026-04-16T05:00:00+00:00","open":74950.0,"high":75158.640625,"low":74915.09375,"close":75058.0078125,"volume":219258880.0},{"timestamp":"2026-04-16T06:00:00+00:00","open":75097.6875,"high":75130.4375,"low":74871.671875,"close":75051.109375,"volume":96534528.0},{"timestamp":"2026-04-16T07:00:00+00:00","open":75031.7421875,"high":75100.0,"low":74662.34375,"close":74721.5390625,"volume":0.0},{"timestamp":"2026-04-16T08:00:00+00:00","open":74721.546875,"high":74765.15625,"low":74535.4296875,"close":74697.7109375,"volume":804335616.0},{"timestamp":"2026-04-16T09:00:00+00:00","open":74679.25,"high":74927.828125,"low":74611.796875,"close":74612.671875,"volume":0.0},{"timestamp":"2026-04-16T10:00:00+00:00","open":74611.8828125,"high":74670.84375,"low":74290.78125,"close":74323.9921875,"volume":0.0},{"timestamp":"2026-04-16T11:00:00+00:00","open":74327.9921875,"high":74601.65625,"low":74300.0078125,"close":74593.328125,"volume":396546048.0},{"timestamp":"2026-04-16T12:00:00+00:00","open":74593.328125,"high":74876.34375,"low":74592.90625,"close":74632.8671875,"volume":0.0},{"timestamp":"2026-04-16T13:00:00+00:00","open":74628.7890625,"high":75023.1796875,"low":73309.7265625,"close":73793.9765625,"volume":937250816.0},{"timestamp":"2026-04-16T14:00:00+00:00","open":73766.3203125,"high":74198.890625,"low":73424.0234375,"close":73973.203125,"volume":372477952.0},{"timestamp":"2026-04-16T15:00:00+00:00","open":73969.7421875,"high":74893.3125,"low":73943.65625,"close":74719.9921875,"volume":1685315584.0},{"timestamp":"2026-04-16T16:00:00+00:00","open":74746.0,"high":74956.0,"low":74088.59375,"close":74186.03125,"volume":538931200.0},{"timestamp":"2026-04-16T17:00:00+00:00","open":74167.8828125,"high":74459.3984375,"low":73917.140625,"close":74346.0,"volume":130420736.0},{"timestamp":"2026-04-16T18:00:00+00:00","open":74354.03125,"high":75092.3125,"low":74250.09375,"close":75054.4375,"volume":0.0},{"timestamp":"2026-04-16T19:00:00+00:00","open":75102.0,"high":75429.609375,"low":74762.671875,"close":75371.9765625,"volume":964886528.0},{"timestamp":"2026-04-16T20:00:00+00:00","open":75384.9375,"high":75533.6796875,"low":75020.96875,"close":75245.9921875,"volume":128495616.0},{"timestamp":"2026-04-16T21:00:00+00:00","open":75252.2109375,"high":75300.0,"low":74827.8125,"close":74956.6015625,"volume":121356288.0},{"timestamp":"2026-04-16T22:00:00+00:00","open":74966.2578125,"high":75139.453125,"low":74853.75,"close":74888.609375,"volume":0.0},{"timestamp":"2026-04-16T23:00:00+00:00","open":74866.40625,"high":75198.4609375,"low":74847.96875,"close":75163.09375,"volume":0.0},{"timestamp":"2026-04-17T00:00:00+00:00","open":75160.203125,"high":75179.8515625,"low":74905.90625,"close":74955.9921875,"volume":0.0},{"timestamp":"2026-04-17T01:00:00+00:00","open":74960.6171875,"high":75061.3515625,"low":74594.4765625,"close":74763.890625,"volume":51539968.0},{"timestamp":"2026-04-17T02:00:00+00:00","open":74759.859375,"high":74830.8984375,"low":74562.671875,"close":74730.1328125,"volume":0.0},{"timestamp":"2026-04-17T03:00:00+00:00","open":74724.9921875,"high":74860.109375,"low":74629.7578125,"close":74633.1484375,"volume":0.0},{"timestamp":"2026-04-17T04:00:00+00:00","open":74633.15625,"high":74867.9375,"low":74611.78125,"close":74810.0078125,"volume":0.0},{"timestamp":"2026-04-17T05:00:00+00:00","open":74810.0,"high":74823.109375,"low":74575.0,"close":74656.5625,"volume":0.0},{"timestamp":"2026-04-17T06:00:00+00:00","open":74645.0234375,"high":74960.90625,"low":74614.46875,"close":74921.2421875,"volume":0.0},{"timestamp":"2026-04-17T07:00:00+00:00","open":74960.9609375,"high":75118.859375,"low":74954.7421875,"close":75069.6875,"volume":61296640.0},{"timestamp":"2026-04-17T08:00:00+00:00","open":75095.40625,"high":75888.75,"low":75015.359375,"close":75789.9921875,"volume":619696128.0},{"timestamp":"2026-04-17T09:00:00+00:00","open":75821.9765625,"high":76370.0,"low":75551.25,"close":75811.4765625,"volume":2566205440.0},{"timestamp":"2026-04-17T10:00:00+00:00","open":75811.453125,"high":75907.140625,"low":75124.2265625,"close":75301.109375,"volume":1024786432.0},{"timestamp":"2026-04-17T11:00:00+00:00","open":75292.5078125,"high":75633.75,"low":75273.75,"close":75622.578125,"volume":0.0},{"timestamp":"2026-04-17T12:00:00+00:00","open":75661.6484375,"high":76298.359375,"low":75558.0,"close":76294.609375,"volume":779100160.0},{"timestamp":"2026-04-17T13:00:00+00:00","open":76260.0,"high":77453.2265625,"low":76100.0078125,"close":77388.0,"volume":5033406464.0},{"timestamp":"2026-04-17T14:00:00+00:00","open":77434.4609375,"high":78142.9765625,"low":77065.90625,"close":77977.75,"volume":3173928960.0},{"timestamp":"2026-04-17T15:00:00+00:00","open":77977.5078125,"high":78060.0234375,"low":77497.6015625,"close":77843.2734375,"volume":1281085440.0},{"timestamp":"2026-04-17T16:00:00+00:00","open":77836.21875,"high":78340.0390625,"low":77785.25,"close":77907.2734375,"volume":778620928.0},{"timestamp":"2026-04-17T17:00:00+00:00","open":77898.7578125,"high":77955.0078125,"low":77152.5,"close":77563.5078125,"volume":973885440.0},{"timestamp":"2026-04-17T18:00:00+00:00","open":77576.25,"high":77602.4765625,"low":77122.5,"close":77206.0,"volume":126701568.0},{"timestamp":"2026-04-17T19:00:00+00:00","open":77210.1328125,"high":77524.0625,"low":77063.2578125,"close":77517.8671875,"volume":0.0},{"timestamp":"2026-04-17T20:00:00+00:00","open":77463.8828125,"high":77648.453125,"low":77188.65625,"close":77366.96875,"volume":0.0},{"timestamp":"2026-04-17T21:00:00+00:00","open":77373.2734375,"high":77531.2421875,"low":77310.0,"close":77475.0,"volume":0.0},{"timestamp":"2026-04-17T22:00:00+00:00","open":77473.1328125,"high":77551.5234375,"low":77297.9765625,"close":77339.9375,"volume":221704192.0},{"timestamp":"2026-04-17T23:00:00+00:00","open":77328.0078125,"high":77336.2421875,"low":76941.9921875,"close":77098.0078125,"volume":344924160.0},{"timestamp":"2026-04-18T00:00:00+00:00","open":77073.75,"high":77287.4609375,"low":77010.0,"close":77196.0,"volume":0.0},{"timestamp":"2026-04-18T01:00:00+00:00","open":77216.2421875,"high":77364.7421875,"low":77148.7734375,"close":77251.96875,"volume":0.0},{"timestamp":"2026-04-18T02:00:00+00:00","open":77251.96875,"high":77447.4296875,"low":77154.2890625,"close":77323.5078125,"volume":0.0},{"timestamp":"2026-04-18T03:00:00+00:00","open":77321.2421875,"high":77328.75,"low":77001.3125,"close":77040.0,"volume":0.0},{"timestamp":"2026-04-18T04:00:00+00:00","open":77025.9921875,"high":77197.5,"low":76926.9296875,"close":77148.75,"volume":402907136.0},{"timestamp":"2026-04-18T05:00:00+00:00","open":77144.0234375,"high":77295.0078125,"low":77144.0078125,"close":77168.2890625,"volume":52015104.0},{"timestamp":"2026-04-18T06:00:00+00:00","open":77168.296875,"high":77253.75,"low":77091.0,"close":77160.0078125,"volume":0.0},{"timestamp":"2026-04-18T07:00:00+00:00","open":77136.328125,"high":77162.0234375,"low":76923.078125,"close":77020.0078125,"volume":0.0},{"timestamp":"2026-04-18T08:00:00+00:00","open":77020.0234375,"high":77070.390625,"low":76534.0234375,"close":76760.0234375,"volume":0.0},{"timestamp":"2026-04-18T09:00:00+00:00","open":76732.5,"high":76743.7421875,"low":76450.15625,"close":76631.2578125,"volume":0.0},{"timestamp":"2026-04-18T10:00:00+00:00","open":76631.2578125,"high":76631.2578125,"low":76170.71875,"close":76222.4921875,"volume":0.0},{"timestamp":"2026-04-18T11:00:00+00:00","open":76222.5,"high":76222.5,"low":75798.75,"close":76069.4609375,"volume":0.0},{"timestamp":"2026-04-18T12:00:00+00:00","open":76074.796875,"high":76323.7421875,"low":76070.9921875,"close":76239.7578125,"volume":0.0},{"timestamp":"2026-04-18T13:00:00+00:00","open":76230.828125,"high":76248.7421875,"low":75839.9921875,"close":76148.640625,"volume":0.0},{"timestamp":"2026-04-18T14:00:00+00:00","open":76150.0078125,"high":76314.09375,"low":76008.7578125,"close":76280.609375,"volume":0.0},{"timestamp":"2026-04-18T15:00:00+00:00","open":76282.1875,"high":76361.2578125,"low":76050.1328125,"close":76191.71875,"volume":0.0},{"timestamp":"2026-04-18T16:00:00+00:00","open":76173.09375,"high":76249.9765625,"low":75823.03125,"close":75968.1171875,"volume":0.0},{"timestamp":"2026-04-18T17:00:00+00:00","open":75955.4765625,"high":75982.5234375,"low":75818.1796875,"close":75852.1328125,"volume":0.0},{"timestamp":"2026-04-18T18:00:00+00:00","open":75842.0078125,"high":75886.8984375,"low":75482.96875,"close":75672.4375,"volume":0.0},{"timestamp":"2026-04-18T19:00:00+00:00","open":75653.71875,"high":75828.6875,"low":75607.84375,"close":75678.90625,"volume":0.0},{"timestamp":"2026-04-18T20:00:00+00:00","open":75688.59375,"high":75875.828125,"low":75633.6796875,"close":75784.9375,"volume":0.0},{"timestamp":"2026-04-18T21:00:00+00:00","open":75779.0390625,"high":75875.828125,"low":75632.671875,"close":75854.5703125,"volume":0.0},{"timestamp":"2026-04-18T22:00:00+00:00","open":75827.4921875,"high":75914.6796875,"low":75644.1171875,"close":75846.96875,"volume":0.0},{"timestamp":"2026-04-18T23:00:00+00:00","open":75861.0390625,"high":75921.9765625,"low":75730.578125,"close":75730.578125,"volume":0.0},{"timestamp":"2026-04-19T00:00:00+00:00","open":75736.0,"high":75884.0078125,"low":75590.171875,"close":75705.21875,"volume":0.0},{"timestamp":"2026-04-19T01:00:00+00:00","open":75708.0078125,"high":75820.0,"low":75500.0,"close":75652.1015625,"volume":129032192.0},{"timestamp":"2026-04-19T02:00:00+00:00","open":75643.671875,"high":75741.3515625,"low":75452.0,"close":75523.859375,"volume":53024768.0},{"timestamp":"2026-04-19T03:00:00+00:00","open":75523.859375,"high":75668.0,"low":75398.8671875,"close":75549.65625,"volume":71456768.0},{"timestamp":"2026-04-19T04:00:00+00:00","open":75546.4921875,"high":75798.40625,"low":75454.6171875,"close":75700.0078125,"volume":0.0},{"timestamp":"2026-04-19T05:00:00+00:00","open":75695.0625,"high":75723.8828125,"low":75549.6796875,"close":75580.0234375,"volume":0.0},{"timestamp":"2026-04-19T06:00:00+00:00","open":75580.0078125,"high":75580.0078125,"low":75325.0,"close":75429.75,"volume":337053696.0},{"timestamp":"2026-04-19T07:00:00+00:00","open":75426.9609375,"high":75434.921875,"low":74955.546875,"close":75291.1171875,"volume":855674880.0},{"timestamp":"2026-04-19T08:00:00+00:00","open":75265.0,"high":75336.5234375,"low":75113.953125,"close":75293.171875,"volume":0.0},{"timestamp":"2026-04-19T09:00:00+00:00","open":75292.5390625,"high":75301.4921875,"low":74963.3828125,"close":75055.421875,"volume":0.0},{"timestamp":"2026-04-19T10:00:00+00:00","open":75055.421875,"high":75272.5625,"low":74974.7734375,"close":75246.09375,"volume":0.0},{"timestamp":"2026-04-19T11:00:00+00:00","open":75246.09375,"high":75653.0625,"low":75242.0234375,"close":75637.5234375,"volume":0.0},{"timestamp":"2026-04-19T12:00:00+00:00","open":75652.3125,"high":75730.4921875,"low":75480.0,"close":75611.90625,"volume":0.0},{"timestamp":"2026-04-19T13:00:00+00:00","open":75588.4609375,"high":76257.0703125,"low":75588.3515625,"close":75963.1328125,"volume":582748160.0},{"timestamp":"2026-04-19T14:00:00+00:00","open":75963.1328125,"high":76180.578125,"low":75707.9765625,"close":76064.9609375,"volume":266915840.0},{"timestamp":"2026-04-19T15:00:00+00:00","open":76062.84375,"high":76187.9921875,"low":75450.4765625,"close":75885.6171875,"volume":1075015680.0},{"timestamp":"2026-04-19T16:00:00+00:00","open":75885.6171875,"high":75893.6328125,"low":75356.0078125,"close":75416.0078125,"volume":0.0},{"timestamp":"2026-04-19T17:00:00+00:00","open":75419.3515625,"high":75419.3515625,"low":74707.9921875,"close":74820.8515625,"volume":425570304.0},{"timestamp":"2026-04-19T18:00:00+00:00","open":74793.8828125,"high":74910.171875,"low":74641.4765625,"close":74806.7109375,"volume":642525184.0},{"timestamp":"2026-04-19T19:00:00+00:00","open":74813.2578125,"high":75110.421875,"low":74813.2578125,"close":74985.0390625,"volume":272711680.0},{"timestamp":"2026-04-19T20:00:00+00:00","open":74985.0390625,"high":74985.0390625,"low":74493.4765625,"close":74662.5625,"volume":0.0},{"timestamp":"2026-04-19T21:00:00+00:00","open":74662.5625,"high":74842.3203125,"low":74407.84375,"close":74461.203125,"volume":505593856.0},{"timestamp":"2026-04-19T22:00:00+00:00","open":74423.9921875,"high":74438.578125,"low":73802.578125,"close":74072.5390625,"volume":2095738880.0},{"timestamp":"2026-04-19T23:00:00+00:00","open":74076.8125,"high":74076.8125,"low":73815.203125,"close":73815.203125,"volume":628639744.0},{"timestamp":"2026-04-20T00:00:00+00:00","open":73830.0,"high":74382.15625,"low":73772.9609375,"close":74305.296875,"volume":972533760.0},{"timestamp":"2026-04-20T01:00:00+00:00","open":74314.6796875,"high":74772.3515625,"low":74239.796875,"close":74621.4296875,"volume":524847104.0},{"timestamp":"2026-04-20T02:00:00+00:00","open":74623.9921875,"high":74654.9375,"low":74337.390625,"close":74439.90625,"volume":387602432.0},{"timestamp":"2026-04-20T03:00:00+00:00","open":74448.2734375,"high":74672.9609375,"low":74390.1328125,"close":74665.6171875,"volume":237033472.0},{"timestamp":"2026-04-20T04:00:00+00:00","open":74666.078125,"high":74669.1875,"low":74469.0390625,"close":74593.59375,"volume":0.0},{"timestamp":"2026-04-20T05:00:00+00:00","open":74567.78125,"high":74586.0703125,"low":74136.9375,"close":74297.921875,"volume":346931200.0},{"timestamp":"2026-04-20T06:00:00+00:00","open":74315.828125,"high":74910.15625,"low":74283.5390625,"close":74820.1796875,"volume":234817536.0},{"timestamp":"2026-04-20T07:00:00+00:00","open":74873.421875,"high":75582.0078125,"low":74694.3671875,"close":74860.0234375,"volume":489672704.0},{"timestamp":"2026-04-20T08:00:00+00:00","open":74860.3828125,"high":75026.953125,"low":74650.28125,"close":74758.0078125,"volume":597123072.0},{"timestamp":"2026-04-20T09:00:00+00:00","open":74745.359375,"high":75269.5234375,"low":74726.109375,"close":75100.4375,"volume":463020032.0},{"timestamp":"2026-04-20T10:00:00+00:00","open":75130.3828125,"high":75436.03125,"low":75042.171875,"close":75068.6875,"volume":41537536.0},{"timestamp":"2026-04-20T11:00:00+00:00","open":75068.7265625,"high":75318.2578125,"low":75000.2890625,"close":75232.7265625,"volume":0.0},{"timestamp":"2026-04-20T12:00:00+00:00","open":75222.8984375,"high":75669.0078125,"low":75111.2578125,"close":75322.8671875,"volume":466120704.0},{"timestamp":"2026-04-20T13:00:00+00:00","open":75349.9296875,"high":75467.28125,"low":74945.171875,"close":75316.890625,"volume":71524352.0},{"timestamp":"2026-04-20T14:00:00+00:00","open":75300.0,"high":75765.2109375,"low":74961.1171875,"close":75071.84375,"volume":1182838784.0},{"timestamp":"2026-04-20T15:00:00+00:00","open":75090.75,"high":75758.078125,"low":74735.7421875,"close":75750.0,"volume":651075584.0},{"timestamp":"2026-04-20T16:00:00+00:00","open":75753.1484375,"high":75753.1484375,"low":75328.75,"close":75378.7890625,"volume":407003136.0},{"timestamp":"2026-04-20T17:00:00+00:00","open":75391.21875,"high":75998.1484375,"low":75322.359375,"close":75937.3125,"volume":0.0},{"timestamp":"2026-04-20T18:00:00+00:00","open":75954.421875,"high":76489.0625,"low":75953.3671875,"close":76455.671875,"volume":623157248.0},{"timestamp":"2026-04-20T19:00:00+00:00","open":76483.3671875,"high":76528.0078125,"low":76184.859375,"close":76330.9375,"volume":1873649664.0},{"timestamp":"2026-04-20T20:00:00+00:00","open":76311.109375,"high":76590.0,"low":76162.3125,"close":76317.28125,"volume":1115488256.0},{"timestamp":"2026-04-20T21:00:00+00:00","open":76330.0,"high":76405.7265625,"low":75816.0,"close":75988.0078125,"volume":287932416.0},{"timestamp":"2026-04-20T22:00:00+00:00","open":76054.0,"high":76180.578125,"low":75933.0234375,"close":76004.671875,"volume":0.0},{"timestamp":"2026-04-20T23:00:00+00:00","open":75912.7734375,"high":75937.7265625,"low":75655.9921875,"close":75875.0390625,"volume":0.0},{"timestamp":"2026-04-21T00:00:00+00:00","open":75876.890625,"high":76129.828125,"low":75724.8203125,"close":76128.1015625,"volume":0.0},{"timestamp":"2026-04-21T01:00:00+00:00","open":76086.0,"high":76270.1875,"low":75906.0234375,"close":75955.0625,"volume":0.0},{"timestamp":"2026-04-21T02:00:00+00:00","open":75955.0703125,"high":75958.9375,"low":75612.0,"close":75613.75,"volume":0.0},{"timestamp":"2026-04-21T03:00:00+00:00","open":75613.75,"high":75747.390625,"low":75520.0,"close":75740.578125,"volume":0.0},{"timestamp":"2026-04-21T04:00:00+00:00","open":75755.7734375,"high":75850.7109375,"low":75633.28125,"close":75840.578125,"volume":0.0},{"timestamp":"2026-04-21T05:00:00+00:00","open":75840.0078125,"high":76010.640625,"low":75815.0,"close":75835.7734375,"volume":0.0},{"timestamp":"2026-04-21T06:00:00+00:00","open":75835.7734375,"high":76146.0,"low":75731.171875,"close":76001.828125,"volume":0.0},{"timestamp":"2026-04-21T07:00:00+00:00","open":76007.7890625,"high":76323.5390625,"low":75851.7421875,"close":76118.09375,"volume":52444172288.0},{"timestamp":"2026-04-21T08:00:00+00:00","open":76125.6328125,"high":76879.34375,"low":76114.59375,"close":76545.65625,"volume":467214336.0},{"timestamp":"2026-04-21T09:00:00+00:00","open":76545.609375,"high":76596.4921875,"low":76192.3828125,"close":76388.3984375,"volume":0.0},{"timestamp":"2026-04-21T10:00:00+00:00","open":76382.4609375,"high":76905.171875,"low":76382.4609375,"close":76775.1171875,"volume":294772736.0},{"timestamp":"2026-04-21T11:00:00+00:00","open":76786.953125,"high":76789.328125,"low":76370.0078125,"close":76478.6171875,"volume":612114432.0},{"timestamp":"2026-04-21T12:00:00+00:00","open":76489.0,"high":76548.7734375,"low":75749.3515625,"close":76044.5625,"volume":274640896.0},{"timestamp":"2026-04-21T13:00:00+00:00","open":76051.25,"high":76198.609375,"low":75752.8203125,"close":75922.0,"volume":29853859840.0},{"timestamp":"2026-04-21T14:00:00+00:00","open":75936.9609375,"high":76595.0,"low":75658.9765625,"close":75687.4765625,"volume":0.0},{"timestamp":"2026-04-21T15:00:00+00:00","open":75694.4375,"high":75999.3203125,"low":75438.703125,"close":75849.703125,"volume":0.0}