{"updated_at":"2026-05-19T04:28:26.975255+00:00","pairs":[{"pair":"BTC","config":{"pair":"BTC","lower":75120.334375,"upper":81699.634375,"n_levels":12,"capital_usd":1000.0,"fee_rate":0.001},"levels":[75120.3344,75695.8891,76275.8535,76860.2615,77449.1472,78042.5447,78640.4887,79243.014,79850.1557,80461.9492,81078.4301,81699.6344],"fills":[{"timestamp":"2026-04-20T00:00:00+00:00","side":"buy","price":75120.334375,"qty":0.001210179529490292,"level_idx":0,"pnl_usd":0.0},{"timestamp":"2026-04-20T00:00:00+00:00","side":"buy","price":75695.88907020817,"qty":0.0012009779134078528,"level_idx":1,"pnl_usd":0.0},{"timestamp":"2026-04-20T00:00:00+00:00","side":"buy","price":76275.85353289051,"qty":0.0011918462619351807,"level_idx":2,"pnl_usd":0.0},{"timestamp":"2026-04-20T00:00:00+00:00","side":"buy","price":76860.26154966946,"qty":0.0011827840430954383,"level_idx":3,"pnl_usd":0.0},{"timestamp":"2026-04-20T00:00:00+00:00","side":"buy","price":77449.14716603277,"qty":0.0011737907289566816,"level_idx":4,"pnl_usd":0.0},{"timestamp":"2026-04-20T00:00:00+00:00","side":"buy","price":78042.54468831686,"qty":0.0011648657956011036,"level_idx":5,"pnl_usd":0.0},{"timestamp":"2026-04-20T00:00:00+00:00","side":"buy","price":78640.48868570545,"qty":0.0011560087230945136,"level_idx":6,"pnl_usd":0.0},{"timestamp":"2026-04-20T00:00:00+00:00","side":"buy","price":79243.0139922433,"qty":0.0011472189954560479,"level_idx":7,"pnl_usd":0.0},{"timestamp":"2026-04-20T00:00:00+00:00","side":"buy","price":79850.15570886564,"qty":0.0011384961006281095,"level_idx":8,"pnl_usd":0.0},{"timestamp":"2026-04-20T00:00:00+00:00","side":"buy","price":80461.94920544299,"qty":0.0011298395304465381,"level_idx":9,"pnl_usd":0.0},{"timestamp":"2026-04-20T00:00:00+00:00","side":"buy","price":81078.43012284164,"qty":0.0011212487806110066,"level_idx":10,"pnl_usd":0.0},{"timestamp":"2026-04-20T14:00:00+00:00","side":"sell","price":75695.88907020817,"qty":0.001210179529490292,"level_idx":1,"pnl_usd":0.6049188948236182},{"timestamp":"2026-04-20T15:00:00+00:00","side":"buy","price":75120.334375,"qty":0.001210179529490292,"level_idx":0,"pnl_usd":0.0},{"timestamp":"2026-04-20T15:00:00+00:00","side":"sell","price":75695.88907020817,"qty":0.001210179529490292,"level_idx":1,"pnl_usd":0.6049188948236182},{"timestamp":"2026-04-20T18:00:00+00:00","side":"sell","price":76275.85353289051,"qty":0.0012009779134078528,"level_idx":2,"pnl_usd":0.604918894823604},{"timestamp":"2026-04-20T23:00:00+00:00","side":"buy","price":75695.88907020817,"qty":0.0012009779134078528,"level_idx":1,"pnl_usd":0.0},{"timestamp":"2026-04-21T01:00:00+00:00","side":"sell","price":76275.85353289051,"qty":0.0012009779134078528,"level_idx":2,"pnl_usd":0.604918894823604},{"timestamp":"2026-04-21T02:00:00+00:00","side":"buy","price":75695.88907020817,"qty":0.0012009779134078528,"level_idx":1,"pnl_usd":0.0},{"timestamp":"2026-04-21T07:00:00+00:00","side":"sell","price":76275.85353289051,"qty":0.0012009779134078528,"level_idx":2,"pnl_usd":0.604918894823604},{"timestamp":"2026-04-21T08:00:00+00:00","side":"sell","price":76860.26154966946,"qty":0.0011918462619351807,"level_idx":3,"pnl_usd":0.604918894823604},{"timestamp":"2026-04-21T09:00:00+00:00","side":"buy","price":76275.85353289051,"qty":0.0011918462619351807,"level_idx":2,"pnl_usd":0.0},{"timestamp":"2026-04-21T10:00:00+00:00","side":"sell","price":76860.26154966946,"qty":0.0011918462619351807,"level_idx":3,"pnl_usd":0.604918894823604},{"timestamp":"2026-04-21T12:00:00+00:00","side":"buy","price":76275.85353289051,"qty":0.0011918462619351807,"level_idx":2,"pnl_usd":0.0},{"timestamp":"2026-04-21T14:00:00+00:00","side":"buy","price":75695.88907020817,"qty":0.0012009779134078528,"level_idx":1,"pnl_usd":0.0},{"timestamp":"2026-04-21T14:00:00+00:00","side":"sell","price":76275.85353289051,"qty":0.0012009779134078528,"level_idx":2,"pnl_usd":0.604918894823604},{"timestamp":"2026-04-21T15:00:00+00:00","side":"buy","price":75695.88907020817,"qty":0.0012009779134078528,"level_idx":1,"pnl_usd":0.0},{"timestamp":"2026-04-21T17:00:00+00:00","side":"buy","price":75120.334375,"qty":0.001210179529490292,"level_idx":0,"pnl_usd":0.0},{"timestamp":"2026-04-21T17:00:00+00:00","side":"sell","price":75695.88907020817,"qty":0.001210179529490292,"level_idx":1,"pnl_usd":0.6049188948236182},{"timestamp":"2026-04-21T19:00:00+00:00","side":"buy","price":75120.334375,"qty":0.001210179529490292,"level_idx":0,"pnl_usd":0.0},{"timestamp":"2026-04-21T19:00:00+00:00","side":"sell","price":75695.88907020817,"qty":0.001210179529490292,"level_idx":1,"pnl_usd":0.6049188948236182},{"timestamp":"2026-04-21T20:00:00+00:00","side":"buy","price":75120.334375,"qty":0.001210179529490292,"level_idx":0,"pnl_usd":0.0},{"timestamp":"2026-04-21T20:00:00+00:00","side":"sell","price":75695.88907020817,"qty":0.001210179529490292,"level_idx":1,"pnl_usd":0.6049188948236182},{"timestamp":"2026-04-21T23:00:00+00:00","side":"sell","price":76275.85353289051,"qty":0.0012009779134078528,"level_idx":2,"pnl_usd":0.604918894823604},{"timestamp":"2026-04-22T02:00:00+00:00","side":"sell","price":77449.14716603277,"qty":0.0011827840430954383,"level_idx":4,"pnl_usd":0.604918894823604},{"timestamp":"2026-04-22T02:00:00+00:00","side":"sell","price":76860.26154966946,"qty":0.0011918462619351807,"level_idx":3,"pnl_usd":0.604918894823604},{"timestamp":"2026-04-22T05:00:00+00:00","side":"sell","price":78042.54468831686,"qty":0.0011737907289566816,"level_idx":5,"pnl_usd":0.604918894823604},{"timestamp":"2026-04-22T13:00:00+00:00","side":"sell","price":78640.48868570545,"qty":0.0011648657956011036,"level_idx":6,"pnl_usd":0.6049188948236324},{"timestamp":"2026-04-22T15:00:00+00:00","side":"sell","price":79243.0139922433,"qty":0.0011560087230945136,"level_idx":7,"pnl_usd":0.604918894823604},{"timestamp":"2026-04-22T20:00:00+00:00","side":"buy","price":78640.48868570545,"qty":0.0011560087230945136,"level_idx":6,"pnl_usd":0.0},{"timestamp":"2026-04-23T00:00:00+00:00","side":"buy","price":78042.54468831686,"qty":0.0011648657956011036,"level_idx":5,"pnl_usd":0.0},{"timestamp":"2026-04-23T10:00:00+00:00","side":"buy","price":77449.14716603277,"qty":0.0011737907289566816,"level_idx":4,"pnl_usd":0.0},{"timestamp":"2026-04-23T14:00:00+00:00","side":"sell","price":78042.54468831686,"qty":0.0011737907289566816,"level_idx":5,"pnl_usd":0.604918894823604},{"timestamp":"2026-04-23T15:00:00+00:00","side":"sell","price":78640.48868570545,"qty":0.0011648657956011036,"level_idx":6,"pnl_usd":0.6049188948236324},{"timestamp":"2026-04-23T17:00:00+00:00","side":"buy","price":77449.14716603277,"qty":0.0011737907289566816,"level_idx":4,"pnl_usd":0.0},{"timestamp":"2026-04-23T17:00:00+00:00","side":"buy","price":78042.54468831686,"qty":0.0011648657956011036,"level_idx":5,"pnl_usd":0.0},{"timestamp":"2026-04-23T17:00:00+00:00","side":"sell","price":78042.54468831686,"qty":0.0011737907289566816,"level_idx":5,"pnl_usd":0.604918894823604},{"timestamp":"2026-04-24T09:00:00+00:00","side":"buy","price":77449.14716603277,"qty":0.0011737907289566816,"level_idx":4,"pnl_usd":0.0},{"timestamp":"2026-04-24T11:00:00+00:00","side":"sell","price":78042.54468831686,"qty":0.0011737907289566816,"level_idx":5,"pnl_usd":0.604918894823604},{"timestamp":"2026-04-24T18:00:00+00:00","side":"buy","price":77449.14716603277,"qty":0.0011737907289566816,"level_idx":4,"pnl_usd":0.0},{"timestamp":"2026-04-26T05:00:00+00:00","side":"sell","price":78042.54468831686,"qty":0.0011737907289566816,"level_idx":5,"pnl_usd":0.604918894823604},{"timestamp":"2026-04-26T21:00:00+00:00","side":"sell","price":78640.48868570545,"qty":0.0011648657956011036,"level_idx":6,"pnl_usd":0.6049188948236324},{"timestamp":"2026-04-26T22:00:00+00:00","side":"buy","price":78042.54468831686,"qty":0.0011648657956011036,"level_idx":5,"pnl_usd":0.0},{"timestamp":"2026-04-26T22:00:00+00:00","side":"sell","price":78640.48868570545,"qty":0.0011648657956011036,"level_idx":6,"pnl_usd":0.6049188948236324},{"timestamp":"2026-04-27T00:00:00+00:00","side":"sell","price":79243.0139922433,"qty":0.0011560087230945136,"level_idx":7,"pnl_usd":0.604918894823604},{"timestamp":"2026-04-27T05:00:00+00:00","side":"buy","price":78042.54468831686,"qty":0.0011648657956011036,"level_idx":5,"pnl_usd":0.0},{"timestamp":"2026-04-27T05:00:00+00:00","side":"buy","price":78640.48868570545,"qty":0.0011560087230945136,"level_idx":6,"pnl_usd":0.0},{"timestamp":"2026-04-27T05:00:00+00:00","side":"sell","price":78640.48868570545,"qty":0.0011648657956011036,"level_idx":6,"pnl_usd":0.6049188948236324},{"timestamp":"2026-04-27T06:00:00+00:00","side":"buy","price":78042.54468831686,"qty":0.0011648657956011036,"level_idx":5,"pnl_usd":0.0},{"timestamp":"2026-04-27T15:00:00+00:00","side":"buy","price":76860.26154966946,"qty":0.0011827840430954383,"level_idx":3,"pnl_usd":0.0},{"timestamp":"2026-04-27T15:00:00+00:00","side":"buy","price":77449.14716603277,"qty":0.0011737907289566816,"level_idx":4,"pnl_usd":0.0},{"timestamp":"2026-04-27T15:00:00+00:00","side":"sell","price":77449.14716603277,"qty":0.0011827840430954383,"level_idx":4,"pnl_usd":0.604918894823604},{"timestamp":"2026-04-27T16:00:00+00:00","side":"buy","price":76860.26154966946,"qty":0.0011827840430954383,"level_idx":3,"pnl_usd":0.0},{"timestamp":"2026-04-28T00:00:00+00:00","side":"sell","price":77449.14716603277,"qty":0.0011827840430954383,"level_idx":4,"pnl_usd":0.604918894823604},{"timestamp":"2026-04-28T02:00:00+00:00","side":"buy","price":76860.26154966946,"qty":0.0011827840430954383,"level_idx":3,"pnl_usd":0.0},{"timestamp":"2026-04-28T11:00:00+00:00","side":"buy","price":76275.85353289051,"qty":0.0011918462619351807,"level_idx":2,"pnl_usd":0.0},{"timestamp":"2026-04-28T14:00:00+00:00","side":"buy","price":75695.88907020817,"qty":0.0012009779134078528,"level_idx":1,"pnl_usd":0.0},{"timestamp":"2026-04-28T19:00:00+00:00","side":"sell","price":76275.85353289051,"qty":0.0012009779134078528,"level_idx":2,"pnl_usd":0.604918894823604},{"timestamp":"2026-04-29T03:00:00+00:00","side":"sell","price":76860.26154966946,"qty":0.0011918462619351807,"level_idx":3,"pnl_usd":0.604918894823604},{"timestamp":"2026-04-29T09:00:00+00:00","side":"sell","price":77449.14716603277,"qty":0.0011827840430954383,"level_idx":4,"pnl_usd":0.604918894823604},{"timestamp":"2026-04-29T13:00:00+00:00","side":"buy","price":76860.26154966946,"qty":0.0011827840430954383,"level_idx":3,"pnl_usd":0.0},{"timestamp":"2026-04-29T15:00:00+00:00","side":"buy","price":75695.88907020817,"qty":0.0012009779134078528,"level_idx":1,"pnl_usd":0.0},{"timestamp":"2026-04-29T15:00:00+00:00","side":"buy","price":76275.85353289051,"qty":0.0011918462619351807,"level_idx":2,"pnl_usd":0.0},{"timestamp":"2026-04-29T15:00:00+00:00","side":"sell","price":76275.85353289051,"qty":0.0012009779134078528,"level_idx":2,"pnl_usd":0.604918894823604},{"timestamp":"2026-04-29T16:00:00+00:00","side":"buy","price":75695.88907020817,"qty":0.0012009779134078528,"level_idx":1,"pnl_usd":0.0},{"timestamp":"2026-04-29T18:00:00+00:00","side":"buy","price":75120.334375,"qty":0.001210179529490292,"level_idx":0,"pnl_usd":0.0},{"timestamp":"2026-04-29T18:00:00+00:00","side":"sell","price":75695.88907020817,"qty":0.001210179529490292,"level_idx":1,"pnl_usd":0.6049188948236182},{"timestamp":"2026-04-30T00:00:00+00:00","side":"sell","price":76275.85353289051,"qty":0.0012009779134078528,"level_idx":2,"pnl_usd":0.604918894823604},{"timestamp":"2026-04-30T02:00:00+00:00","side":"buy","price":75695.88907020817,"qty":0.0012009779134078528,"level_idx":1,"pnl_usd":0.0},{"timestamp":"2026-04-30T02:00:00+00:00","side":"sell","price":76275.85353289051,"qty":0.0012009779134078528,"level_idx":2,"pnl_usd":0.604918894823604},{"timestamp":"2026-04-30T03:00:00+00:00","side":"buy","price":75695.88907020817,"qty":0.0012009779134078528,"level_idx":1,"pnl_usd":0.0},{"timestamp":"2026-04-30T09:00:00+00:00","side":"sell","price":76275.85353289051,"qty":0.0012009779134078528,"level_idx":2,"pnl_usd":0.604918894823604},{"timestamp":"2026-05-01T03:00:00+00:00","side":"sell","price":76860.26154966946,"qty":0.0011918462619351807,"level_idx":3,"pnl_usd":0.604918894823604},{"timestamp":"2026-05-01T08:00:00+00:00","side":"sell","price":77449.14716603277,"qty":0.0011827840430954383,"level_idx":4,"pnl_usd":0.604918894823604},{"timestamp":"2026-05-01T12:00:00+00:00","side":"sell","price":78042.54468831686,"qty":0.0011737907289566816,"level_idx":5,"pnl_usd":0.604918894823604},{"timestamp":"2026-05-01T13:00:00+00:00","side":"sell","price":78640.48868570545,"qty":0.0011648657956011036,"level_idx":6,"pnl_usd":0.6049188948236324},{"timestamp":"2026-05-01T20:00:00+00:00","side":"buy","price":78042.54468831686,"qty":0.0011648657956011036,"level_idx":5,"pnl_usd":0.0},{"timestamp":"2026-05-02T21:00:00+00:00","side":"sell","price":78640.48868570545,"qty":0.0011648657956011036,"level_idx":6,"pnl_usd":0.6049188948236324},{"timestamp":"2026-05-03T22:00:00+00:00","side":"sell","price":79243.0139922433,"qty":0.0011560087230945136,"level_idx":7,"pnl_usd":0.604918894823604},{"timestamp":"2026-05-03T23:00:00+00:00","side":"buy","price":78640.48868570545,"qty":0.0011560087230945136,"level_idx":6,"pnl_usd":0.0},{"timestamp":"2026-05-03T23:00:00+00:00","side":"sell","price":79243.0139922433,"qty":0.0011560087230945136,"level_idx":7,"pnl_usd":0.604918894823604},{"timestamp":"2026-05-04T00:00:00+00:00","side":"buy","price":78640.48868570545,"qty":0.0011560087230945136,"level_idx":6,"pnl_usd":0.0},{"timestamp":"2026-05-04T01:00:00+00:00","side":"sell","price":79243.0139922433,"qty":0.0011560087230945136,"level_idx":7,"pnl_usd":0.604918894823604},{"timestamp":"2026-05-04T02:00:00+00:00","side":"sell","price":79850.15570886564,"qty":0.0011472189954560479,"level_idx":8,"pnl_usd":0.604918894823604},{"timestamp":"2026-05-04T04:00:00+00:00","side":"sell","price":80461.94920544299,"qty":0.0011384961006281095,"level_idx":9,"pnl_usd":0.6049188948236182},{"timestamp":"2026-05-04T06:00:00+00:00","side":"buy","price":79850.15570886564,"qty":0.0011384961006281095,"level_idx":8,"pnl_usd":0.0},{"timestamp":"2026-05-04T10:00:00+00:00","side":"buy","price":78640.48868570545,"qty":0.0011560087230945136,"level_idx":6,"pnl_usd":0.0},{"timestamp":"2026-05-04T10:00:00+00:00","side":"buy","price":79243.0139922433,"qty":0.0011472189954560479,"level_idx":7,"pnl_usd":0.0},{"timestamp":"2026-05-04T10:00:00+00:00","side":"sell","price":79850.15570886564,"qty":0.0011472189954560479,"level_idx":8,"pnl_usd":0.604918894823604},{"timestamp":"2026-05-04T10:00:00+00:00","side":"sell","price":79243.0139922433,"qty":0.0011560087230945136,"level_idx":7,"pnl_usd":0.604918894823604},{"timestamp":"2026-05-04T11:00:00+00:00","side":"buy","price":79243.0139922433,"qty":0.0011472189954560479,"level_idx":7,"pnl_usd":0.0},{"timestamp":"2026-05-04T13:00:00+00:00","side":"buy","price":78640.48868570545,"qty":0.0011560087230945136,"level_idx":6,"pnl_usd":0.0},{"timestamp":"2026-05-04T14:00:00+00:00","side":"sell","price":80461.94920544299,"qty":0.0011384961006281095,"level_idx":9,"pnl_usd":0.6049188948236182},{"timestamp":"2026-05-04T14:00:00+00:00","side":"sell","price":79850.15570886564,"qty":0.0011472189954560479,"level_idx":8,"pnl_usd":0.604918894823604},{"timestamp":"2026-05-04T14:00:00+00:00","side":"sell","price":79243.0139922433,"qty":0.0011560087230945136,"level_idx":7,"pnl_usd":0.604918894823604},{"timestamp":"2026-05-04T15:00:00+00:00","side":"buy","price":79850.15570886564,"qty":0.0011384961006281095,"level_idx":8,"pnl_usd":0.0},{"timestamp":"2026-05-04T17:00:00+00:00","side":"sell","price":80461.94920544299,"qty":0.0011384961006281095,"level_idx":9,"pnl_usd":0.6049188948236182},{"timestamp":"2026-05-04T23:00:00+00:00","side":"buy","price":79850.15570886564,"qty":0.0011384961006281095,"level_idx":8,"pnl_usd":0.0},{"timestamp":"2026-05-05T02:00:00+00:00","side":"sell","price":80461.94920544299,"qty":0.0011384961006281095,"level_idx":9,"pnl_usd":0.6049188948236182},{"timestamp":"2026-05-05T05:00:00+00:00","side":"sell","price":81078.43012284164,"qty":0.0011298395304465381,"level_idx":10,"pnl_usd":0.6049188948236182},{"timestamp":"2026-05-06T03:00:00+00:00","side":"sell","price":81699.63437500001,"qty":0.0011212487806110066,"level_idx":11,"pnl_usd":0.604918894823604},{"timestamp":"2026-05-06T05:00:00+00:00","side":"buy","price":81078.43012284164,"qty":0.0011212487806110066,"level_idx":10,"pnl_usd":0.0},{"timestamp":"2026-05-06T08:00:00+00:00","side":"sell","price":81699.63437500001,"qty":0.0011212487806110066,"level_idx":11,"pnl_usd":0.604918894823604},{"timestamp":"2026-05-06T23:00:00+00:00","side":"buy","price":81078.43012284164,"qty":0.0011212487806110066,"level_idx":10,"pnl_usd":0.0},{"timestamp":"2026-05-07T07:00:00+00:00","side":"sell","price":81699.63437500001,"qty":0.0011212487806110066,"level_idx":11,"pnl_usd":0.604918894823604},{"timestamp":"2026-05-07T09:00:00+00:00","side":"buy","price":81078.43012284164,"qty":0.0011212487806110066,"level_idx":10,"pnl_usd":0.0},{"timestamp":"2026-05-07T13:00:00+00:00","side":"buy","price":80461.94920544299,"qty":0.0011298395304465381,"level_idx":9,"pnl_usd":0.0},{"timestamp":"2026-05-07T13:00:00+00:00","side":"sell","price":81078.43012284164,"qty":0.0011298395304465381,"level_idx":10,"pnl_usd":0.6049188948236182},{"timestamp":"2026-05-07T14:00:00+00:00","side":"buy","price":80461.94920544299,"qty":0.0011298395304465381,"level_idx":9,"pnl_usd":0.0},{"timestamp":"2026-05-07T15:00:00+00:00","side":"buy","price":79850.15570886564,"qty":0.0011384961006281095,"level_idx":8,"pnl_usd":0.0},{"timestamp":"2026-05-08T12:00:00+00:00","side":"sell","price":80461.94920544299,"qty":0.0011384961006281095,"level_idx":9,"pnl_usd":0.6049188948236182},{"timestamp":"2026-05-08T13:00:00+00:00","side":"buy","price":79850.15570886564,"qty":0.0011384961006281095,"level_idx":8,"pnl_usd":0.0},{"timestamp":"2026-05-09T02:00:00+00:00","side":"sell","price":80461.94920544299,"qty":0.0011384961006281095,"level_idx":9,"pnl_usd":0.6049188948236182},{"timestamp":"2026-05-10T15:00:00+00:00","side":"sell","price":81078.43012284164,"qty":0.0011298395304465381,"level_idx":10,"pnl_usd":0.6049188948236182},{"timestamp":"2026-05-10T20:00:00+00:00","side":"buy","price":80461.94920544299,"qty":0.0011298395304465381,"level_idx":9,"pnl_usd":0.0},{"timestamp":"2026-05-10T20:00:00+00:00","side":"sell","price":81078.43012284164,"qty":0.0011298395304465381,"level_idx":10,"pnl_usd":0.6049188948236182},{"timestamp":"2026-05-10T22:00:00+00:00","side":"sell","price":81699.63437500001,"qty":0.0011212487806110066,"level_idx":11,"pnl_usd":0.604918894823604},{"timestamp":"2026-05-11T03:00:00+00:00","side":"buy","price":81078.43012284164,"qty":0.0011212487806110066,"level_idx":10,"pnl_usd":0.0},{"timestamp":"2026-05-11T14:00:00+00:00","side":"buy","price":80461.94920544299,"qty":0.0011298395304465381,"level_idx":9,"pnl_usd":0.0},{"timestamp":"2026-05-11T14:00:00+00:00","side":"sell","price":81078.43012284164,"qty":0.0011298395304465381,"level_idx":10,"pnl_usd":0.6049188948236182},{"timestamp":"2026-05-11T16:00:00+00:00","side":"sell","price":81699.63437500001,"qty":0.0011212487806110066,"level_idx":11,"pnl_usd":0.604918894823604},{"timestamp":"2026-05-12T01:00:00+00:00","side":"buy","price":81078.43012284164,"qty":0.0011212487806110066,"level_idx":10,"pnl_usd":0.0},{"timestamp":"2026-05-12T13:00:00+00:00","side":"buy","price":80461.94920544299,"qty":0.0011298395304465381,"level_idx":9,"pnl_usd":0.0},{"timestamp":"2026-05-12T16:00:00+00:00","side":"buy","price":79850.15570886564,"qty":0.0011384961006281095,"level_idx":8,"pnl_usd":0.0},{"timestamp":"2026-05-12T17:00:00+00:00","side":"sell","price":80461.94920544299,"qty":0.0011384961006281095,"level_idx":9,"pnl_usd":0.6049188948236182},{"timestamp":"2026-05-13T01:00:00+00:00","side":"sell","price":81078.43012284164,"qty":0.0011298395304465381,"level_idx":10,"pnl_usd":0.6049188948236182},{"timestamp":"2026-05-13T12:00:00+00:00","side":"buy","price":79850.15570886564,"qty":0.0011384961006281095,"level_idx":8,"pnl_usd":0.0},{"timestamp":"2026-05-13T12:00:00+00:00","side":"buy","price":80461.94920544299,"qty":0.0011298395304465381,"level_idx":9,"pnl_usd":0.0},{"timestamp":"2026-05-13T12:00:00+00:00","side":"sell","price":80461.94920544299,"qty":0.0011384961006281095,"level_idx":9,"pnl_usd":0.6049188948236182},{"timestamp":"2026-05-13T13:00:00+00:00","side":"buy","price":79850.15570886564,"qty":0.0011384961006281095,"level_idx":8,"pnl_usd":0.0},{"timestamp":"2026-05-13T15:00:00+00:00","side":"buy","price":79243.0139922433,"qty":0.0011472189954560479,"level_idx":7,"pnl_usd":0.0},{"timestamp":"2026-05-14T05:00:00+00:00","side":"sell","price":79850.15570886564,"qty":0.0011472189954560479,"level_idx":8,"pnl_usd":0.604918894823604},{"timestamp":"2026-05-14T11:00:00+00:00","side":"buy","price":79243.0139922433,"qty":0.0011472189954560479,"level_idx":7,"pnl_usd":0.0},{"timestamp":"2026-05-14T13:00:00+00:00","side":"sell","price":79850.15570886564,"qty":0.0011472189954560479,"level_idx":8,"pnl_usd":0.604918894823604},{"timestamp":"2026-05-14T14:00:00+00:00","side":"sell","price":80461.94920544299,"qty":0.0011384961006281095,"level_idx":9,"pnl_usd":0.6049188948236182},{"timestamp":"2026-05-14T15:00:00+00:00","side":"sell","price":81078.43012284164,"qty":0.0011298395304465381,"level_idx":10,"pnl_usd":0.6049188948236182},{"timestamp":"2026-05-14T16:00:00+00:00","side":"sell","price":81699.63437500001,"qty":0.0011212487806110066,"level_idx":11,"pnl_usd":0.604918894823604},{"timestamp":"2026-05-14T23:00:00+00:00","side":"buy","price":81078.43012284164,"qty":0.0011212487806110066,"level_idx":10,"pnl_usd":0.0},{"timestamp":"2026-05-15T05:00:00+00:00","side":"buy","price":80461.94920544299,"qty":0.0011298395304465381,"level_idx":9,"pnl_usd":0.0},{"timestamp":"2026-05-15T13:00:00+00:00","side":"buy","price":79243.0139922433,"qty":0.0011472189954560479,"level_idx":7,"pnl_usd":0.0},{"timestamp":"2026-05-15T13:00:00+00:00","side":"buy","price":79850.15570886564,"qty":0.0011384961006281095,"level_idx":8,"pnl_usd":0.0},{"timestamp":"2026-05-15T13:00:00+00:00","side":"sell","price":79850.15570886564,"qty":0.0011472189954560479,"level_idx":8,"pnl_usd":0.604918894823604},{"timestamp":"2026-05-15T14:00:00+00:00","side":"buy","price":78640.48868570545,"qty":0.0011560087230945136,"level_idx":6,"pnl_usd":0.0},{"timestamp":"2026-05-15T14:00:00+00:00","side":"buy","price":79243.0139922433,"qty":0.0011472189954560479,"level_idx":7,"pnl_usd":0.0},{"timestamp":"2026-05-15T14:00:00+00:00","side":"sell","price":79243.0139922433,"qty":0.0011560087230945136,"level_idx":7,"pnl_usd":0.604918894823604},{"timestamp":"2026-05-16T06:00:00+00:00","side":"buy","price":78640.48868570545,"qty":0.0011560087230945136,"level_idx":6,"pnl_usd":0.0},{"timestamp":"2026-05-16T09:00:00+00:00","side":"buy","price":78042.54468831686,"qty":0.0011648657956011036,"level_idx":5,"pnl_usd":0.0},{"timestamp":"2026-05-17T23:00:00+00:00","side":"buy","price":76860.26154966946,"qty":0.0011827840430954383,"level_idx":3,"pnl_usd":0.0},{"timestamp":"2026-05-17T23:00:00+00:00","side":"buy","price":77449.14716603277,"qty":0.0011737907289566816,"level_idx":4,"pnl_usd":0.0},{"timestamp":"2026-05-17T23:00:00+00:00","side":"sell","price":77449.14716603277,"qty":0.0011827840430954383,"level_idx":4,"pnl_usd":0.604918894823604},{"timestamp":"2026-05-18T00:00:00+00:00","side":"buy","price":76860.26154966946,"qty":0.0011827840430954383,"level_idx":3,"pnl_usd":0.0},{"timestamp":"2026-05-18T12:00:00+00:00","side":"sell","price":77449.14716603277,"qty":0.0011827840430954383,"level_idx":4,"pnl_usd":0.604918894823604},{"timestamp":"2026-05-18T13:00:00+00:00","side":"buy","price":76860.26154966946,"qty":0.0011827840430954383,"level_idx":3,"pnl_usd":0.0},{"timestamp":"2026-05-18T13:00:00+00:00","side":"sell","price":77449.14716603277,"qty":0.0011827840430954383,"level_idx":4,"pnl_usd":0.604918894823604},{"timestamp":"2026-05-18T14:00:00+00:00","side":"buy","price":76275.85353289051,"qty":0.0011918462619351807,"level_idx":2,"pnl_usd":0.0},{"timestamp":"2026-05-18T14:00:00+00:00","side":"buy","price":76860.26154966946,"qty":0.0011827840430954383,"level_idx":3,"pnl_usd":0.0},{"timestamp":"2026-05-18T14:00:00+00:00","side":"sell","price":76860.26154966946,"qty":0.0011918462619351807,"level_idx":3,"pnl_usd":0.604918894823604},{"timestamp":"2026-05-18T15:00:00+00:00","side":"buy","price":76275.85353289051,"qty":0.0011918462619351807,"level_idx":2,"pnl_usd":0.0},{"timestamp":"2026-05-18T19:00:00+00:00","side":"sell","price":76860.26154966946,"qty":0.0011918462619351807,"level_idx":3,"pnl_usd":0.604918894823604}],"round_trips":80,"total_pnl_usd":27.46,"total_fees_usd":15.33,"realized_return_pct":0.0484,"unrealized_pnl_usd":-20.94,"unrealized_holdings":0.009214,"avg_holding_price":78929.11,"final_price":76656.89,"max_drawdown_pct":-0.0477,"open_buy_levels":[0,1,2],"equity_curve":[{"timestamp":"2026-04-20T00:00:00+00:00","equity":952.55},{"timestamp":"2026-04-20T01:00:00+00:00","equity":956.44},{"timestamp":"2026-04-20T02:00:00+00:00","equity":954.17},{"timestamp":"2026-04-20T03:00:00+00:00","equity":957.04},{"timestamp":"2026-04-20T04:00:00+00:00","equity":956.04},{"timestamp":"2026-04-20T05:00:00+00:00","equity":952.3},{"timestamp":"2026-04-20T06:00:00+00:00","equity":958.99},{"timestamp":"2026-04-20T07:00:00+00:00","equity":959.47},{"timestamp":"2026-04-20T08:00:00+00:00","equity":958.24},{"timestamp":"2026-04-20T09:00:00+00:00","equity":962.58},{"timestamp":"2026-04-20T10:00:00+00:00","equity":962.17},{"timestamp":"2026-04-20T11:00:00+00:00","equity":964.16},{"timestamp":"2026-04-20T12:00:00+00:00","equity":965.51},{"timestamp":"2026-04-20T13:00:00+00:00","equity":965.26},{"timestamp":"2026-04-20T14:00:00+00:00","equity":962.49},{"timestamp":"2026-04-20T15:00:00+00:00","equity":971.32},{"timestamp":"2026-04-20T16:00:00+00:00","equity":966.91},{"timestamp":"2026-04-20T17:00:00+00:00","equity":973.53},{"timestamp":"2026-04-20T18:00:00+00:00","equity":979.18},{"timestamp":"2026-04-20T19:00:00+00:00","equity":977.85},{"timestamp":"2026-04-20T20:00:00+00:00","equity":977.8},{"timestamp":"2026-04-20T21:00:00+00:00","equity":974.37},{"timestamp":"2026-04-20T22:00:00+00:00","equity":974.55},{"timestamp":"2026-04-20T23:00:00+00:00","equity":973.29},{"timestamp":"2026-04-21T00:00:00+00:00","equity":976.34},{"timestamp":"2026-04-21T01:00:00+00:00","equity":974.63},{"timestamp":"2026-04-21T02:00:00+00:00","equity":970.98},{"timestamp":"2026-04-21T03:00:00+00:00","equity":972.46},{"timestamp":"2026-04-21T04:00:00+00:00","equity":973.62},{"timestamp":"2026-04-21T05:00:00+00:00","equity":973.56},{"timestamp":"2026-04-21T06:00:00+00:00","equity":975.49},{"timestamp":"2026-04-21T07:00:00+00:00","equity":976.94},{"timestamp":"2026-04-21T08:00:00+00:00","equity":981.67},{"timestamp":"2026-04-21T09:00:00+00:00","equity":980.35},{"timestamp":"2026-04-21T10:00:00+00:00","equity":984.39},{"timestamp":"2026-04-21T11:00:00+00:00","equity":981.66},{"timestamp":"2026-04-21T12:00:00+00:00","equity":977.33},{"timestamp":"2026-04-21T13:00:00+00:00","equity":976.07},{"timestamp":"2026-04-21T14:00:00+00:00","equity":974.21},{"timestamp":"2026-04-21T15:00:00+00:00","equity":976.15},{"timestamp":"2026-04-21T16:00:00+00:00","equity":975.57},{"timestamp":"2026-04-21T17:00:00+00:00","equity":973.47},{"timestamp":"2026-04-21T18:00:00+00:00","equity":974.11},{"timestamp":"2026-04-21T19:00:00+00:00","equity":967.72},{"timestamp":"2026-04-21T20:00:00+00:00","equity":976.73},{"timestamp":"2026-04-21T21:00:00+00:00","equity":974.65},{"timestamp":"2026-04-21T22:00:00+00:00","equity":975.78},{"timestamp":"2026-04-21T23:00:00+00:00","equity":983.55},{"timestamp":"2026-04-22T00:00:00+00:00","equity":983.9},{"timestamp":"2026-04-22T01:00:00+00:00","equity":983.23},{"timestamp":"2026-04-22T02:00:00+00:00","equity":995.56},{"timestamp":"2026-04-22T03:00:00+00:00","equity":994.94},{"timestamp":"2026-04-22T04:00:00+00:00","equity":994.83},{"timestamp":"2026-04-22T05:00:00+00:00","equity":998.46},{"timestamp":"2026-04-22T06:00:00+00:00","equity":998.69},{"timestamp":"2026-04-22T07:00:00+00:00","equity":998.7},{"timestamp":"2026-04-22T08:00:00+00:00","equity":998.72},{"timestamp":"2026-04-22T09:00:00+00:00","equity":998.62},{"timestamp":"2026-04-22T10:00:00+00:00","equity":999.72},{"timestamp":"2026-04-22T11:00:00+00:00","equity":1000.73},{"timestamp":"2026-04-22T12:00:00+00:00","equity":1000.32},{"timestamp":"2026-04-22T13:00:00+00:00","equity":1004.22},{"timestamp":"2026-04-22T14:00:00+00:00","equity":1005.33},{"timestamp":"2026-04-22T15:00:00+00:00","equity":1006.52},{"timestamp":"2026-04-22T16:00:00+00:00","equity":1004.05},{"timestamp":"2026-04-22T17:00:00+00:00","equity":1004.71},{"timestamp":"2026-04-22T18:00:00+00:00","equity":1005.34},{"timestamp":"2026-04-22T19:00:00+00:00","equity":1004.54},{"timestamp":"2026-04-22T20:00:00+00:00","equity":1002.4},{"timestamp":"2026-04-22T21:00:00+00:00","equity":1004.3},{"timestamp":"2026-04-22T22:00:00+00:00","equity":1003.44},{"timestamp":"2026-04-22T23:00:00+00:00","equity":1000.96},{"timestamp":"2026-04-23T00:00:00+00:00","equity":1002.81},{"timestamp":"2026-04-23T01:00:00+00:00","equity":1002.33},{"timestamp":"2026-04-23T02:00:00+00:00","equity":999.5},{"timestamp":"2026-04-23T03:00:00+00:00","equity":997.96},{"timestamp":"2026-04-23T04:00:00+00:00","equity":999.3},{"timestamp":"2026-04-23T05:00:00+00:00","equity":999.95},{"timestamp":"2026-04-23T06:00:00+00:00","equity":1001.37},{"timestamp":"2026-04-23T07:00:00+00:00","equity":1000.32},{"timestamp":"2026-04-23T08:00:00+00:00","equity":998.89},{"timestamp":"2026-04-23T09:00:00+00:00","equity":997.48},{"timestamp":"2026-04-23T10:00:00+00:00","equity":995.76},{"timestamp":"2026-04-23T11:00:00+00:00","equity":998.14},{"timestamp":"2026-04-23T12:00:00+00:00","equity":999.6},{"timestamp":"2026-04-23T13:00:00+00:00","equity":996.84},{"timestamp":"2026-04-23T14:00:00+00:00","equity":1001.82},{"timestamp":"2026-04-23T15:00:00+00:00","equity":1003.34},{"timestamp":"2026-04-23T16:00:00+00:00","equity":1001.8},{"timestamp":"2026-04-23T17:00:00+00:00","equity":1000.15},{"timestamp":"2026-04-23T18:00:00+00:00","equity":999.75},{"timestamp":"2026-04-23T19:00:00+00:00","equity":999.8},{"timestamp":"2026-04-23T20:00:00+00:00","equity":1000.9},{"timestamp":"2026-04-23T21:00:00+00:00","equity":1000.86},{"timestamp":"2026-04-23T22:00:00+00:00","equity":1003.31},{"timestamp":"2026-04-23T23:00:00+00:00","equity":1003.47},{"timestamp":"2026-04-24T00:00:00+00:00","equity":1004.6},{"timestamp":"2026-04-24T01:00:00+00:00","equity":1004.73},{"timestamp":"2026-04-24T02:00:00+00:00","equity":1002.6},{"timestamp":"2026-04-24T03:00:00+00:00","equity":999.87},{"timestamp":"2026-04-24T04:00:00+00:00","equity":999.37},{"timestamp":"2026-04-24T05:00:00+00:00","equity":1001.35},{"timestamp":"2026-04-24T06:00:00+00:00","equity":1000.26},{"timestamp":"2026-04-24T07:00:00+00:00","equity":999.33},{"timestamp":"2026-04-24T08:00:00+00:00","equity":1000.23},{"timestamp":"2026-04-24T09:00:00+00:00","equity":998.59},{"timestamp":"2026-04-24T10:00:00+00:00","equity":1000.3},{"timestamp":"2026-04-24T11:00:00+00:00","equity":1003.9},{"timestamp":"2026-04-24T12:00:00+00:00","equity":1004.2},{"timestamp":"2026-04-24T13:00:00+00:00","equity":1002.89},{"timestamp":"2026-04-24T14:00:00+00:00","equity":1002.66},{"timestamp":"2026-04-24T15:00:00+00:00","equity":1002.63},{"timestamp":"2026-04-24T16:00:00+00:00","equity":1000.8},{"timestamp":"2026-04-24T17:00:00+00:00","equity":1000.13},{"timestamp":"2026-04-24T18:00:00+00:00","equity":999.88},{"timestamp":"2026-04-24T19:00:00+00:00","equity":1000.08},{"timestamp":"2026-04-24T20:00:00+00:00","equity":1000.78},{"timestamp":"2026-04-24T21:00:00+00:00","equity":999.3},{"timestamp":"2026-04-24T22:00:00+00:00","equity":997.66},{"timestamp":"2026-04-24T23:00:00+00:00","equity":998.47},{"timestamp":"2026-04-25T00:00:00+00:00","equity":998.65},{"timestamp":"2026-04-25T01:00:00+00:00","equity":999.26},{"timestamp":"2026-04-25T02:00:00+00:00","equity":999.86},{"timestamp":"2026-04-25T03:00:00+00:00","equity":1000.38},{"timestamp":"2026-04-25T04:00:00+00:00","equity":999.91},{"timestamp":"2026-04-25T05:00:00+00:00","equity":999.12},{"timestamp":"2026-04-25T06:00:00+00:00","equity":998.99},{"timestamp":"2026-04-25T07:00:00+00:00","equity":998.95},{"timestamp":"2026-04-25T08:00:00+00:00","equity":1000.17},{"timestamp":"2026-04-25T09:00:00+00:00","equity":1000.69},{"timestamp":"2026-04-25T10:00:00+00:00","equity":1001.26},{"timestamp":"2026-04-25T11:00:00+00:00","equity":1000.43},{"timestamp":"2026-04-25T12:00:00+00:00","equity":999.38},{"timestamp":"2026-04-25T13:00:00+00:00","equity":1000.4},{"timestamp":"2026-04-25T14:00:00+00:00","equity":1000.22},{"timestamp":"2026-04-25T15:00:00+00:00","equity":997.61},{"timestamp":"2026-04-25T16:00:00+00:00","equity":998.2},{"timestamp":"2026-04-25T17:00:00+00:00","equity":996.97},{"timestamp":"2026-04-25T18:00:00+00:00","equity":997.26},{"timestamp":"2026-04-25T19:00:00+00:00","equity":997.49},{"timestamp":"2026-04-25T20:00:00+00:00","equity":998.75},{"timestamp":"2026-04-25T21:00:00+00:00","equity":999.17},{"timestamp":"2026-04-25T22:00:00+00:00","equity":999.4},{"timestamp":"2026-04-25T23:00:00+00:00","equity":999.99},{"timestamp":"2026-04-26T00:00:00+00:00","equity":998.94},{"timestamp":"2026-04-26T01:00:00+00:00","equity":998.61},{"timestamp":"2026-04-26T02:00:00+00:00","equity":999.15},{"timestamp":"2026-04-26T03:00:00+00:00","equity":998.04},{"timestamp":"2026-04-26T04:00:00+00:00","equity":1001.11},{"timestamp":"2026-04-26T05:00:00+00:00","equity":1002.79},{"timestamp":"2026-04-26T06:00:00+00:00","equity":1002.88},{"timestamp":"2026-04-26T07:00:00+00:00","equity":1003.62},{"timestamp":"2026-04-26T08:00:00+00:00","equity":1003.1},{"timestamp":"2026-04-26T09:00:00+00:00","equity":1002.94},{"timestamp":"2026-04-26T10:00:00+00:00","equity":1002.92},{"timestamp":"2026-04-26T11:00:00+00:00","equity":1003.56},{"timestamp":"2026-04-26T12:00:00+00:00","equity":1001.73},{"timestamp":"2026-04-26T13:00:00+00:00","equity":1002.71},{"timestamp":"2026-04-26T14:00:00+00:00","equity":1003.5},{"timestamp":"2026-04-26T15:00:00+00:00","equity":1003.26},{"timestamp":"2026-04-26T16:00:00+00:00","equity":1002.44},{"timestamp":"2026-04-26T17:00:00+00:00","equity":1003.01},{"timestamp":"2026-04-26T18:00:00+00:00","equity":1004.82},{"timestamp":"2026-04-26T19:00:00+00:00","equity":1004.52},{"timestamp":"2026-04-26T20:00:00+00:00","equity":1004.32},{"timestamp":"2026-04-26T21:00:00+00:00","equity":1005.9},{"timestamp":"2026-04-26T22:00:00+00:00","equity":1005.94},{"timestamp":"2026-04-26T23:00:00+00:00","equity":1007.8},{"timestamp":"2026-04-27T00:00:00+00:00","equity":1011.09},{"timestamp":"2026-04-27T01:00:00+00:00","equity":1011.25},{"timestamp":"2026-04-27T02:00:00+00:00","equity":1010.57},{"timestamp":"2026-04-27T03:00:00+00:00","equity":1010.44},{"timestamp":"2026-04-27T04:00:00+00:00","equity":1009.63},{"timestamp":"2026-04-27T05:00:00+00:00","equity":1004.08},{"timestamp":"2026-04-27T06:00:00+00:00","equity":1003.18},{"timestamp":"2026-04-27T07:00:00+00:00","equity":1002.57},{"timestamp":"2026-04-27T08:00:00+00:00","equity":1003.88},{"timestamp":"2026-04-27T09:00:00+00:00","equity":1004.5},{"timestamp":"2026-04-27T10:00:00+00:00","equity":1004.19},{"timestamp":"2026-04-27T11:00:00+00:00","equity":1004.13},{"timestamp":"2026-04-27T12:00:00+00:00","equity":1002.92},{"timestamp":"2026-04-27T13:00:00+00:00","equity":1003.46},{"timestamp":"2026-04-27T14:00:00+00:00","equity":1003.85},{"timestamp":"2026-04-27T15:00:00+00:00","equity":996.57},{"timestamp":"2026-04-27T16:00:00+00:00","equity":995.02},{"timestamp":"2026-04-27T17:00:00+00:00","equity":995.99},{"timestamp":"2026-04-27T18:00:00+00:00","equity":996.84},{"timestamp":"2026-04-27T19:00:00+00:00","equity":997.43},{"timestamp":"2026-04-27T20:00:00+00:00","equity":998.15},{"timestamp":"2026-04-27T21:00:00+00:00","equity":996.5},{"timestamp":"2026-04-27T22:00:00+00:00","equity":999.03},{"timestamp":"2026-04-27T23:00:00+00:00","equity":1001.92},{"timestamp":"2026-04-28T00:00:00+00:00","equity":1002.06},{"timestamp":"2026-04-28T01:00:00+00:00","equity":999.63},{"timestamp":"2026-04-28T02:00:00+00:00","equity":998.13},{"timestamp":"2026-04-28T03:00:00+00:00","equity":997.41},{"timestamp":"2026-04-28T04:00:00+00:00","equity":998.11},{"timestamp":"2026-04-28T05:00:00+00:00","equity":998.15},{"timestamp":"2026-04-28T06:00:00+00:00","equity":996.43},{"timestamp":"2026-04-28T07:00:00+00:00","equity":997.91},{"timestamp":"2026-04-28T08:00:00+00:00","equity":997.85},{"timestamp":"2026-04-28T09:00:00+00:00","equity":995.36},{"timestamp":"2026-04-28T10:00:00+00:00","equity":995.57},{"timestamp":"2026-04-28T11:00:00+00:00","equity":991.91},{"timestamp":"2026-04-28T12:00:00+00:00","equity":993.65},{"timestamp":"2026-04-28T13:00:00+00:00","equity":991.61},{"timestamp":"2026-04-28T14:00:00+00:00","equity":989.29},{"timestamp":"2026-04-28T15:00:00+00:00","equity":990.57},{"timestamp":"2026-04-28T16:00:00+00:00","equity":991.25},{"timestamp":"2026-04-28T17:00:00+00:00","equity":991.92},{"timestamp":"2026-04-28T18:00:00+00:00","equity":992.55},{"timestamp":"2026-04-28T19:00:00+00:00","equity":993.62},{"timestamp":"2026-04-28T20:00:00+00:00","equity":995.03},{"timestamp":"2026-04-28T21:00:00+00:00","equity":993.86},{"timestamp":"2026-04-28T22:00:00+00:00","equity":992.62},{"timestamp":"2026-04-28T23:00:00+00:00","equity":993.51},{"timestamp":"2026-04-29T00:00:00+00:00","equity":995.45},{"timestamp":"2026-04-29T01:00:00+00:00","equity":995.89},{"timestamp":"2026-04-29T02:00:00+00:00","equity":995.52},{"timestamp":"2026-04-29T03:00:00+00:00","equity":1000.26},{"timestamp":"2026-04-29T04:00:00+00:00","equity":1002.78},{"timestamp":"2026-04-29T05:00:00+00:00","equity":1002.96},{"timestamp":"2026-04-29T06:00:00+00:00","equity":1000.39},{"timestamp":"2026-04-29T07:00:00+00:00","equity":1000.69},{"timestamp":"2026-04-29T08:00:00+00:00","equity":1000.64},{"timestamp":"2026-04-29T09:00:00+00:00","equity":1006.0},{"timestamp":"2026-04-29T10:00:00+00:00","equity":1005.78},{"timestamp":"2026-04-29T11:00:00+00:00","equity":1005.49},{"timestamp":"2026-04-29T12:00:00+00:00","equity":1001.79},{"timestamp":"2026-04-29T13:00:00+00:00","equity":998.75},{"timestamp":"2026-04-29T14:00:00+00:00","equity":996.79},{"timestamp":"2026-04-29T15:00:00+00:00","equity":990.67},{"timestamp":"2026-04-29T16:00:00+00:00","equity":989.7},{"timestamp":"2026-04-29T17:00:00+00:00","equity":993.94},{"timestamp":"2026-04-29T18:00:00+00:00","equity":987.02},{"timestamp":"2026-04-29T19:00:00+00:00","equity":987.55},{"timestamp":"2026-04-29T20:00:00+00:00","equity":988.91},{"timestamp":"2026-04-29T21:00:00+00:00","equity":991.87},{"timestamp":"2026-04-29T22:00:00+00:00","equity":991.8},{"timestamp":"2026-04-29T23:00:00+00:00","equity":990.14},{"timestamp":"2026-04-30T00:00:00+00:00","equity":995.67},{"timestamp":"2026-04-30T01:00:00+00:00","equity":995.46},{"timestamp":"2026-04-30T02:00:00+00:00","equity":990.45},{"timestamp":"2026-04-30T03:00:00+00:00","equity":993.08},{"timestamp":"2026-04-30T04:00:00+00:00","equity":987.91},{"timestamp":"2026-04-30T05:00:00+00:00","equity":989.2},{"timestamp":"2026-04-30T06:00:00+00:00","equity":991.04},{"timestamp":"2026-04-30T07:00:00+00:00","equity":995.78},{"timestamp":"2026-04-30T08:00:00+00:00","equity":994.63},{"timestamp":"2026-04-30T09:00:00+00:00","equity":995.21},{"timestamp":"2026-04-30T10:00:00+00:00","equity":994.4},{"timestamp":"2026-04-30T11:00:00+00:00","equity":994.79},{"timestamp":"2026-04-30T12:00:00+00:00","equity":997.36},{"timestamp":"2026-04-30T13:00:00+00:00","equity":998.43},{"timestamp":"2026-04-30T14:00:00+00:00","equity":997.25},{"timestamp":"2026-04-30T15:00:00+00:00","equity":999.03},{"timestamp":"2026-04-30T16:00:00+00:00","equity":996.75},{"timestamp":"2026-04-30T17:00:00+00:00","equity":996.65},{"timestamp":"2026-04-30T18:00:00+00:00","equity":997.75},{"timestamp":"2026-04-30T19:00:00+00:00","equity":998.43},{"timestamp":"2026-04-30T20:00:00+00:00","equity":999.26},{"timestamp":"2026-04-30T21:00:00+00:00","equity":996.62},{"timestamp":"2026-04-30T22:00:00+00:00","equity":996.6},{"timestamp":"2026-04-30T23:00:00+00:00","equity":997.63},{"timestamp":"2026-05-01T00:00:00+00:00","equity":998.86},{"timestamp":"2026-05-01T01:00:00+00:00","equity":1001.23},{"timestamp":"2026-05-01T02:00:00+00:00","equity":1000.35},{"timestamp":"2026-05-01T03:00:00+00:00","equity":1005.45},{"timestamp":"2026-05-01T04:00:00+00:00","equity":1004.65},{"timestamp":"2026-05-01T05:00:00+00:00","equity":1005.9},{"timestamp":"2026-05-01T06:00:00+00:00","equity":1004.35},{"timestamp":"2026-05-01T07:00:00+00:00","equity":1005.6},{"timestamp":"2026-05-01T08:00:00+00:00","equity":1007.92},{"timestamp":"2026-05-01T09:00:00+00:00","equity":1007.18},{"timestamp":"2026-05-01T10:00:00+00:00","equity":1007.3},{"timestamp":"2026-05-01T11:00:00+00:00","equity":1008.68},{"timestamp":"2026-05-01T12:00:00+00:00","equity":1012.28},{"timestamp":"2026-05-01T13:00:00+00:00","equity":1018.02},{"timestamp":"2026-05-01T14:00:00+00:00","equity":1015.76},{"timestamp":"2026-05-01T15:00:00+00:00","equity":1016.22},{"timestamp":"2026-05-01T16:00:00+00:00","equity":1014.85},{"timestamp":"2026-05-01T17:00:00+00:00","equity":1016.82},{"timestamp":"2026-05-01T18:00:00+00:00","equity":1016.15},{"timestamp":"2026-05-01T19:00:00+00:00","equity":1015.82},{"timestamp":"2026-05-01T20:00:00+00:00","equity":1012.77},{"timestamp":"2026-05-01T21:00:00+00:00","equity":1015.06},{"timestamp":"2026-05-01T22:00:00+00:00","equity":1014.65},{"timestamp":"2026-05-01T23:00:00+00:00","equity":1015.25},{"timestamp":"2026-05-02T00:00:00+00:00","equity":1016.01},{"timestamp":"2026-05-02T01:00:00+00:00","equity":1015.99},{"timestamp":"2026-05-02T02:00:00+00:00","equity":1016.1},{"timestamp":"2026-05-02T03:00:00+00:00","equity":1016.45},{"timestamp":"2026-05-02T04:00:00+00:00","equity":1014.87},{"timestamp":"2026-05-02T05:00:00+00:00","equity":1014.87},{"timestamp":"2026-05-02T06:00:00+00:00","equity":1015.86},{"timestamp":"2026-05-02T07:00:00+00:00","equity":1015.15},{"timestamp":"2026-05-02T08:00:00+00:00","equity":1015.78},{"timestamp":"2026-05-02T09:00:00+00:00","equity":1015.7},{"timestamp":"2026-05-02T10:00:00+00:00","equity":1015.36},{"timestamp":"2026-05-02T11:00:00+00:00","equity":1014.65},{"timestamp":"2026-05-02T12:00:00+00:00","equity":1015.1},{"timestamp":"2026-05-02T13:00:00+00:00","equity":1016.14},{"timestamp":"2026-05-02T14:00:00+00:00","equity":1016.49},{"timestamp":"2026-05-02T15:00:00+00:00","equity":1016.96},{"timestamp":"2026-05-02T16:00:00+00:00","equity":1016.7},{"timestamp":"2026-05-02T17:00:00+00:00","equity":1016.34},{"timestamp":"2026-05-02T18:00:00+00:00","equity":1016.77},{"timestamp":"2026-05-02T19:00:00+00:00","equity":1016.96},{"timestamp":"2026-05-02T20:00:00+00:00","equity":1016.79},{"timestamp":"2026-05-02T21:00:00+00:00","equity":1018.42},{"timestamp":"2026-05-02T22:00:00+00:00","equity":1019.04},{"timestamp":"2026-05-02T23:00:00+00:00","equity":1018.18},{"timestamp":"2026-05-03T00:00:00+00:00","equity":1017.44},{"timestamp":"2026-05-03T01:00:00+00:00","equity":1015.72},{"timestamp":"2026-05-03T02:00:00+00:00","equity":1015.22},{"timestamp":"2026-05-03T03:00:00+00:00","equity":1015.41},{"timestamp":"2026-05-03T04:00:00+00:00","equity":1015.23},{"timestamp":"2026-05-03T05:00:00+00:00","equity":1015.66},{"timestamp":"2026-05-03T06:00:00+00:00","equity":1015.9},{"timestamp":"2026-05-03T07:00:00+00:00","equity":1016.33},{"timestamp":"2026-05-03T08:00:00+00:00","equity":1016.48},{"timestamp":"2026-05-03T09:00:00+00:00","equity":1017.33},{"timestamp":"2026-05-03T10:00:00+00:00","equity":1016.6},{"timestamp":"2026-05-03T11:00:00+00:00","equity":1018.04},{"timestamp":"2026-05-03T12:00:00+00:00","equity":1018.54},{"timestamp":"2026-05-03T13:00:00+00:00","equity":1018.05},{"timestamp":"2026-05-03T14:00:00+00:00","equity":1018.45},{"timestamp":"2026-05-03T15:00:00+00:00","equity":1018.03},{"timestamp":"2026-05-03T16:00:00+00:00","equity":1018.03},{"timestamp":"2026-05-03T17:00:00+00:00","equity":1018.4},{"timestamp":"2026-05-03T18:00:00+00:00","equity":1018.46},{"timestamp":"2026-05-03T19:00:00+00:00","equity":1018.58},{"timestamp":"2026-05-03T20:00:00+00:00","equity":1019.54},{"timestamp":"2026-05-03T21:00:00+00:00","equity":1018.98},{"timestamp":"2026-05-03T22:00:00+00:00","equity":1020.94},{"timestamp":"2026-05-03T23:00:00+00:00","equity":1018.78},{"timestamp":"2026-05-04T00:00:00+00:00","equity":1018.56},{"timestamp":"2026-05-04T01:00:00+00:00","equity":1024.81},{"timestamp":"2026-05-04T02:00:00+00:00","equity":1026.22},{"timestamp":"2026-05-04T03:00:00+00:00","equity":1026.74},{"timestamp":"2026-05-04T04:00:00+00:00","equity":1026.83},{"timestamp":"2026-05-04T05:00:00+00:00","equity":1026.13},{"timestamp":"2026-05-04T06:00:00+00:00","equity":1025.79},{"timestamp":"2026-05-04T07:00:00+00:00","equity":1025.19},{"timestamp":"2026-05-04T08:00:00+00:00","equity":1025.23},{"timestamp":"2026-05-04T09:00:00+00:00","equity":1025.64},{"timestamp":"2026-05-04T10:00:00+00:00","equity":1023.87},{"timestamp":"2026-05-04T11:00:00+00:00","equity":1022.82},{"timestamp":"2026-05-04T12:00:00+00:00","equity":1023.21},{"timestamp":"2026-05-04T13:00:00+00:00","equity":1022.94},{"timestamp":"2026-05-04T14:00:00+00:00","equity":1029.63},{"timestamp":"2026-05-04T15:00:00+00:00","equity":1029.4},{"timestamp":"2026-05-04T16:00:00+00:00","equity":1029.4},{"timestamp":"2026-05-04T17:00:00+00:00","equity":1030.59},{"timestamp":"2026-05-04T18:00:00+00:00","equity":1029.97},{"timestamp":"2026-05-04T19:00:00+00:00","equity":1029.83},{"timestamp":"2026-05-04T20:00:00+00:00","equity":1029.58},{"timestamp":"2026-05-04T21:00:00+00:00","equity":1030.31},{"timestamp":"2026-05-04T22:00:00+00:00","equity":1029.86},{"timestamp":"2026-05-04T23:00:00+00:00","equity":1029.36},{"timestamp":"2026-05-05T00:00:00+00:00","equity":1030.45},{"timestamp":"2026-05-05T01:00:00+00:00","equity":1031.07},{"timestamp":"2026-05-05T02:00:00+00:00","equity":1031.57},{"timestamp":"2026-05-05T03:00:00+00:00","equity":1032.32},{"timestamp":"2026-05-05T04:00:00+00:00","equity":1032.36},{"timestamp":"2026-05-05T05:00:00+00:00","equity":1032.54},{"timestamp":"2026-05-05T06:00:00+00:00","equity":1032.55},{"timestamp":"2026-05-05T07:00:00+00:00","equity":1032.44},{"timestamp":"2026-05-05T08:00:00+00:00","equity":1032.37},{"timestamp":"2026-05-05T09:00:00+00:00","equity":1032.11},{"timestamp":"2026-05-05T10:00:00+00:00","equity":1032.39},{"timestamp":"2026-05-05T11:00:00+00:00","equity":1032.51},{"timestamp":"2026-05-06T00:00:00+00:00","equity":1032.59},{"timestamp":"2026-05-06T01:00:00+00:00","equity":1033.06},{"timestamp":"2026-05-06T02:00:00+00:00","equity":1032.98},{"timestamp":"2026-05-06T03:00:00+00:00","equity":1033.27},{"timestamp":"2026-05-06T04:00:00+00:00","equity":1033.27},{"timestamp":"2026-05-06T05:00:00+00:00","equity":1033.54},{"timestamp":"2026-05-06T06:00:00+00:00","equity":1033.71},{"timestamp":"2026-05-06T07:00:00+00:00","equity":1033.6},{"timestamp":"2026-05-06T08:00:00+00:00","equity":1033.88},{"timestamp":"2026-05-06T09:00:00+00:00","equity":1033.88},{"timestamp":"2026-05-06T10:00:00+00:00","equity":1033.88},{"timestamp":"2026-05-06T11:00:00+00:00","equity":1033.88},{"timestamp":"2026-05-06T12:00:00+00:00","equity":1033.88},{"timestamp":"2026-05-06T13:00:00+00:00","equity":1033.88},{"timestamp":"2026-05-06T14:00:00+00:00","equity":1033.88},{"timestamp":"2026-05-06T15:00:00+00:00","equity":1033.88},{"timestamp":"2026-05-06T16:00:00+00:00","equity":1033.88},{"timestamp":"2026-05-06T17:00:00+00:00","equity":1033.88},{"timestamp":"2026-05-06T18:00:00+00:00","equity":1033.88},{"timestamp":"2026-05-06T19:00:00+00:00","equity":1033.88},{"timestamp":"2026-05-06T20:00:00+00:00","equity":1033.88},{"timestamp":"2026-05-06T21:00:00+00:00","equity":1033.88},{"timestamp":"2026-05-06T22:00:00+00:00","equity":1033.88},{"timestamp":"2026-05-06T23:00:00+00:00","equity":1034.28},{"timestamp":"2026-05-07T00:00:00+00:00","equity":1033.81},{"timestamp":"2026-05-07T01:00:00+00:00","equity":1033.98},{"timestamp":"2026-05-07T02:00:00+00:00","equity":1033.92},{"timestamp":"2026-05-07T03:00:00+00:00","equity":1033.61},{"timestamp":"2026-05-07T04:00:00+00:00","equity":1033.76},{"timestamp":"2026-05-07T05:00:00+00:00","equity":1033.88},{"timestamp":"2026-05-07T06:00:00+00:00","equity":1034.28},{"timestamp":"2026-05-07T07:00:00+00:00","equity":1034.48},{"timestamp":"2026-05-07T08:00:00+00:00","equity":1034.48},{"timestamp":"2026-05-07T09:00:00+00:00","equity":1034.3},{"timestamp":"2026-05-07T10:00:00+00:00","equity":1034.21},{"timestamp":"2026-05-07T11:00:00+00:00","equity":1034.23},{"timestamp":"2026-05-07T12:00:00+00:00","equity":1034.57},{"timestamp":"2026-05-07T13:00:00+00:00","equity":1034.43},{"timestamp":"2026-05-07T14:00:00+00:00","equity":1033.7},{"timestamp":"2026-05-07T15:00:00+00:00","equity":1033.08},{"timestamp":"2026-05-07T16:00:00+00:00","equity":1032.77},{"timestamp":"2026-05-07T17:00:00+00:00","equity":1033.83},{"timestamp":"2026-05-07T18:00:00+00:00","equity":1034.22},{"timestamp":"2026-05-07T19:00:00+00:00","equity":1033.95},{"timestamp":"2026-05-07T20:00:00+00:00","equity":1033.1},{"timestamp":"2026-05-07T21:00:00+00:00","equity":1032.61},{"timestamp":"2026-05-07T22:00:00+00:00","equity":1033.21},{"timestamp":"2026-05-07T23:00:00+00:00","equity":1033.54},{"timestamp":"2026-05-08T00:00:00+00:00","equity":1032.91},{"timestamp":"2026-05-08T01:00:00+00:00","equity":1032.31},{"timestamp":"2026-05-08T03:00:00+00:00","equity":1032.0},{"timestamp":"2026-05-08T04:00:00+00:00","equity":1032.32},{"timestamp":"2026-05-08T05:00:00+00:00","equity":1032.25},{"timestamp":"2026-05-08T06:00:00+00:00","equity":1031.74},{"timestamp":"2026-05-08T07:00:00+00:00","equity":1032.3},{"timestamp":"2026-05-08T08:00:00+00:00","equity":1033.28},{"timestamp":"2026-05-08T09:00:00+00:00","equity":1033.02},{"timestamp":"2026-05-08T10:00:00+00:00","equity":1034.25},{"timestamp":"2026-05-08T11:00:00+00:00","equity":1034.29},{"timestamp":"2026-05-08T12:00:00+00:00","equity":1034.0},{"timestamp":"2026-05-08T13:00:00+00:00","equity":1032.77},{"timestamp":"2026-05-08T14:00:00+00:00","equity":1034.59},{"timestamp":"2026-05-08T15:00:00+00:00","equity":1034.56},{"timestamp":"2026-05-08T16:00:00+00:00","equity":1033.37},{"timestamp":"2026-05-08T17:00:00+00:00","equity":1034.29},{"timestamp":"2026-05-08T18:00:00+00:00","equity":1034.39},{"timestamp":"2026-05-08T19:00:00+00:00","equity":1034.47},{"timestamp":"2026-05-08T20:00:00+00:00","equity":1034.57},{"timestamp":"2026-05-08T21:00:00+00:00","equity":1034.99},{"timestamp":"2026-05-08T22:00:00+00:00","equity":1035.06},{"timestamp":"2026-05-08T23:00:00+00:00","equity":1034.77},{"timestamp":"2026-05-09T00:00:00+00:00","equity":1034.91},{"timestamp":"2026-05-09T01:00:00+00:00","equity":1035.21},{"timestamp":"2026-05-09T02:00:00+00:00","equity":1035.48},{"timestamp":"2026-05-09T03:00:00+00:00","equity":1035.42},{"timestamp":"2026-05-09T04:00:00+00:00","equity":1035.43},{"timestamp":"2026-05-09T05:00:00+00:00","equity":1035.41},{"timestamp":"2026-05-09T06:00:00+00:00","equity":1035.12},{"timestamp":"2026-05-09T07:00:00+00:00","equity":1035.05},{"timestamp":"2026-05-09T08:00:00+00:00","equity":1035.46},{"timestamp":"2026-05-09T09:00:00+00:00","equity":1035.1},{"timestamp":"2026-05-09T10:00:00+00:00","equity":1035.15},{"timestamp":"2026-05-09T11:00:00+00:00","equity":1035.31},{"timestamp":"2026-05-09T12:00:00+00:00","equity":1035.46},{"timestamp":"2026-05-09T13:00:00+00:00","equity":1035.45},{"timestamp":"2026-05-09T14:00:00+00:00","equity":1035.3},{"timestamp":"2026-05-09T15:00:00+00:00","equity":1035.74},{"timestamp":"2026-05-09T16:00:00+00:00","equity":1035.94},{"timestamp":"2026-05-09T17:00:00+00:00","equity":1036.35},{"timestamp":"2026-05-09T18:00:00+00:00","equity":1036.59},{"timestamp":"2026-05-09T19:00:00+00:00","equity":1036.69},{"timestamp":"2026-05-09T20:00:00+00:00","equity":1036.33},{"timestamp":"2026-05-09T21:00:00+00:00","equity":1036.29},{"timestamp":"2026-05-09T22:00:00+00:00","equity":1036.27},{"timestamp":"2026-05-09T23:00:00+00:00","equity":1036.05},{"timestamp":"2026-05-10T00:00:00+00:00","equity":1036.06},{"timestamp":"2026-05-10T01:00:00+00:00","equity":1036.01},{"timestamp":"2026-05-10T02:00:00+00:00","equity":1036.29},{"timestamp":"2026-05-10T03:00:00+00:00","equity":1036.32},{"timestamp":"2026-05-10T04:00:00+00:00","equity":1036.25},{"timestamp":"2026-05-10T05:00:00+00:00","equity":1036.09},{"timestamp":"2026-05-10T06:00:00+00:00","equity":1036.19},{"timestamp":"2026-05-10T07:00:00+00:00","equity":1036.2},{"timestamp":"2026-05-10T08:00:00+00:00","equity":1036.41},{"timestamp":"2026-05-10T09:00:00+00:00","equity":1036.35},{"timestamp":"2026-05-10T10:00:00+00:00","equity":1036.48},{"timestamp":"2026-05-10T11:00:00+00:00","equity":1036.35},{"timestamp":"2026-05-10T12:00:00+00:00","equity":1036.65},{"timestamp":"2026-05-10T13:00:00+00:00","equity":1036.73},{"timestamp":"2026-05-10T14:00:00+00:00","equity":1036.73},{"timestamp":"2026-05-10T15:00:00+00:00","equity":1037.27},{"timestamp":"2026-05-10T16:00:00+00:00","equity":1037.21},{"timestamp":"2026-05-10T17:00:00+00:00","equity":1037.34},{"timestamp":"2026-05-10T18:00:00+00:00","equity":1037.11},{"timestamp":"2026-05-10T19:00:00+00:00","equity":1037.29},{"timestamp":"2026-05-10T20:00:00+00:00","equity":1037.11},{"timestamp":"2026-05-10T21:00:00+00:00","equity":1037.09},{"timestamp":"2026-05-10T22:00:00+00:00","equity":1038.11},{"timestamp":"2026-05-10T23:00:00+00:00","equity":1038.11},{"timestamp":"2026-05-11T00:00:00+00:00","equity":1038.11},{"timestamp":"2026-05-11T01:00:00+00:00","equity":1038.11},{"timestamp":"2026-05-11T02:00:00+00:00","equity":1038.11},{"timestamp":"2026-05-11T03:00:00+00:00","equity":1037.71},{"timestamp":"2026-05-11T04:00:00+00:00","equity":1037.8},{"timestamp":"2026-05-11T05:00:00+00:00","equity":1037.81},{"timestamp":"2026-05-11T06:00:00+00:00","equity":1037.81},{"timestamp":"2026-05-11T07:00:00+00:00","equity":1037.71},{"timestamp":"2026-05-11T08:00:00+00:00","equity":1037.75},{"timestamp":"2026-05-11T09:00:00+00:00","equity":1037.96},{"timestamp":"2026-05-11T10:00:00+00:00","equity":1037.94},{"timestamp":"2026-05-11T11:00:00+00:00","equity":1038.23},{"timestamp":"2026-05-11T12:00:00+00:00","equity":1038.06},{"timestamp":"2026-05-11T13:00:00+00:00","equity":1038.07},{"timestamp":"2026-05-11T14:00:00+00:00","equity":1038.53},{"timestamp":"2026-05-11T15:00:00+00:00","equity":1039.1},{"timestamp":"2026-05-11T16:00:00+00:00","equity":1039.32},{"timestamp":"2026-05-11T17:00:00+00:00","equity":1039.32},{"timestamp":"2026-05-11T18:00:00+00:00","equity":1039.32},{"timestamp":"2026-05-11T19:00:00+00:00","equity":1039.32},{"timestamp":"2026-05-11T20:00:00+00:00","equity":1039.32},{"timestamp":"2026-05-11T21:00:00+00:00","equity":1039.32},{"timestamp":"2026-05-11T22:00:00+00:00","equity":1039.32},{"timestamp":"2026-05-11T23:00:00+00:00","equity":1039.32},{"timestamp":"2026-05-12T00:00:00+00:00","equity":1039.32},{"timestamp":"2026-05-12T01:00:00+00:00","equity":1039.44},{"timestamp":"2026-05-12T02:00:00+00:00","equity":1039.5},{"timestamp":"2026-05-12T03:00:00+00:00","equity":1039.27},{"timestamp":"2026-05-12T04:00:00+00:00","equity":1039.46},{"timestamp":"2026-05-12T05:00:00+00:00","equity":1039.46},{"timestamp":"2026-05-12T06:00:00+00:00","equity":1039.23},{"timestamp":"2026-05-12T07:00:00+00:00","equity":1039.05},{"timestamp":"2026-05-12T08:00:00+00:00","equity":1039.01},{"timestamp":"2026-05-12T09:00:00+00:00","equity":1039.01},{"timestamp":"2026-05-12T10:00:00+00:00","equity":1038.83},{"timestamp":"2026-05-12T11:00:00+00:00","equity":1038.97},{"timestamp":"2026-05-12T12:00:00+00:00","equity":1039.08},{"timestamp":"2026-05-12T13:00:00+00:00","equity":1038.56},{"timestamp":"2026-05-12T14:00:00+00:00","equity":1038.76},{"timestamp":"2026-05-12T15:00:00+00:00","equity":1038.24},{"timestamp":"2026-05-12T16:00:00+00:00","equity":1037.65},{"timestamp":"2026-05-12T17:00:00+00:00","equity":1039.31},{"timestamp":"2026-05-12T18:00:00+00:00","equity":1039.66},{"timestamp":"2026-05-12T19:00:00+00:00","equity":1040.03},{"timestamp":"2026-05-12T20:00:00+00:00","equity":1039.71},{"timestamp":"2026-05-12T21:00:00+00:00","equity":1039.47},{"timestamp":"2026-05-12T22:00:00+00:00","equity":1039.63},{"timestamp":"2026-05-12T23:00:00+00:00","equity":1039.28},{"timestamp":"2026-05-13T00:00:00+00:00","equity":1039.76},{"timestamp":"2026-05-13T01:00:00+00:00","equity":1040.43},{"timestamp":"2026-05-13T02:00:00+00:00","equity":1040.49},{"timestamp":"2026-05-13T03:00:00+00:00","equity":1040.71},{"timestamp":"2026-05-13T04:00:00+00:00","equity":1040.69},{"timestamp":"2026-05-13T05:00:00+00:00","equity":1040.44},{"timestamp":"2026-05-13T06:00:00+00:00","equity":1040.39},{"timestamp":"2026-05-13T07:00:00+00:00","equity":1040.44},{"timestamp":"2026-05-13T08:00:00+00:00","equity":1040.63},{"timestamp":"2026-05-13T09:00:00+00:00","equity":1040.73},{"timestamp":"2026-05-13T10:00:00+00:00","equity":1040.19},{"timestamp":"2026-05-13T11:00:00+00:00","equity":1039.85},{"timestamp":"2026-05-13T12:00:00+00:00","equity":1039.79},{"timestamp":"2026-05-13T13:00:00+00:00","equity":1038.26},{"timestamp":"2026-05-13T14:00:00+00:00","equity":1038.64},{"timestamp":"2026-05-13T15:00:00+00:00","equity":1034.88},{"timestamp":"2026-05-13T16:00:00+00:00","equity":1036.22},{"timestamp":"2026-05-13T17:00:00+00:00","equity":1038.11},{"timestamp":"2026-05-13T18:00:00+00:00","equity":1038.51},{"timestamp":"2026-05-13T19:00:00+00:00","equity":1038.65},{"timestamp":"2026-05-13T20:00:00+00:00","equity":1038.98},{"timestamp":"2026-05-13T21:00:00+00:00","equity":1037.55},{"timestamp":"2026-05-13T22:00:00+00:00","equity":1037.71},{"timestamp":"2026-05-13T23:00:00+00:00","equity":1037.22},{"timestamp":"2026-05-14T00:00:00+00:00","equity":1038.41},{"timestamp":"2026-05-14T01:00:00+00:00","equity":1038.5},{"timestamp":"2026-05-14T02:00:00+00:00","equity":1037.45},{"timestamp":"2026-05-14T03:00:00+00:00","equity":1035.96},{"timestamp":"2026-05-14T04:00:00+00:00","equity":1037.85},{"timestamp":"2026-05-14T05:00:00+00:00","equity":1039.43},{"timestamp":"2026-05-14T06:00:00+00:00","equity":1039.41},{"timestamp":"2026-05-14T07:00:00+00:00","equity":1039.18},{"timestamp":"2026-05-14T08:00:00+00:00","equity":1039.45},{"timestamp":"2026-05-14T09:00:00+00:00","equity":1038.79},{"timestamp":"2026-05-14T10:00:00+00:00","equity":1038.6},{"timestamp":"2026-05-14T11:00:00+00:00","equity":1037.48},{"timestamp":"2026-05-14T12:00:00+00:00","equity":1039.89},{"timestamp":"2026-05-14T13:00:00+00:00","equity":1039.68},{"timestamp":"2026-05-14T14:00:00+00:00","equity":1043.37},{"timestamp":"2026-05-14T15:00:00+00:00","equity":1043.81},{"timestamp":"2026-05-14T16:00:00+00:00","equity":1044.16},{"timestamp":"2026-05-14T17:00:00+00:00","equity":1044.16},{"timestamp":"2026-05-14T18:00:00+00:00","equity":1044.16},{"timestamp":"2026-05-14T19:00:00+00:00","equity":1044.16},{"timestamp":"2026-05-14T20:00:00+00:00","equity":1044.16},{"timestamp":"2026-05-14T21:00:00+00:00","equity":1044.16},{"timestamp":"2026-05-14T22:00:00+00:00","equity":1044.16},{"timestamp":"2026-05-14T23:00:00+00:00","equity":1044.16},{"timestamp":"2026-05-15T00:00:00+00:00","equity":1044.64},{"timestamp":"2026-05-15T01:00:00+00:00","equity":1044.2},{"timestamp":"2026-05-15T02:00:00+00:00","equity":1044.38},{"timestamp":"2026-05-15T03:00:00+00:00","equity":1044.13},{"timestamp":"2026-05-15T04:00:00+00:00","equity":1043.74},{"timestamp":"2026-05-15T05:00:00+00:00","equity":1043.21},{"timestamp":"2026-05-15T06:00:00+00:00","equity":1043.71},{"timestamp":"2026-05-15T07:00:00+00:00","equity":1044.26},{"timestamp":"2026-05-15T08:00:00+00:00","equity":1043.87},{"timestamp":"2026-05-15T09:00:00+00:00","equity":1043.52},{"timestamp":"2026-05-15T10:00:00+00:00","equity":1044.02},{"timestamp":"2026-05-15T11:00:00+00:00","equity":1043.81},{"timestamp":"2026-05-15T12:00:00+00:00","equity":1043.28},{"timestamp":"2026-05-15T13:00:00+00:00","equity":1038.8},{"timestamp":"2026-05-15T14:00:00+00:00","equity":1040.65},{"timestamp":"2026-05-15T15:00:00+00:00","equity":1040.65},{"timestamp":"2026-05-15T16:00:00+00:00","equity":1041.36},{"timestamp":"2026-05-15T17:00:00+00:00","equity":1042.07},{"timestamp":"2026-05-15T18:00:00+00:00","equity":1041.2},{"timestamp":"2026-05-15T19:00:00+00:00","equity":1040.56},{"timestamp":"2026-05-15T20:00:00+00:00","equity":1040.52},{"timestamp":"2026-05-15T21:00:00+00:00","equity":1039.83},{"timestamp":"2026-05-15T22:00:00+00:00","equity":1040.41},{"timestamp":"2026-05-15T23:00:00+00:00","equity":1040.41},{"timestamp":"2026-05-16T00:00:00+00:00","equity":1040.43},{"timestamp":"2026-05-16T01:00:00+00:00","equity":1040.65},{"timestamp":"2026-05-16T02:00:00+00:00","equity":1040.57},{"timestamp":"2026-05-16T03:00:00+00:00","equity":1040.33},{"timestamp":"2026-05-16T04:00:00+00:00","equity":1040.13},{"timestamp":"2026-05-16T05:00:00+00:00","equity":1040.13},{"timestamp":"2026-05-16T06:00:00+00:00","equity":1038.28},{"timestamp":"2026-05-16T07:00:00+00:00","equity":1036.77},{"timestamp":"2026-05-16T08:00:00+00:00","equity":1037.04},{"timestamp":"2026-05-16T09:00:00+00:00","equity":1035.11},{"timestamp":"2026-05-16T10:00:00+00:00","equity":1034.34},{"timestamp":"2026-05-16T11:00:00+00:00","equity":1035.14},{"timestamp":"2026-05-16T12:00:00+00:00","equity":1034.63},{"timestamp":"2026-05-16T13:00:00+00:00","equity":1034.63},{"timestamp":"2026-05-16T14:00:00+00:00","equity":1035.44},{"timestamp":"2026-05-16T15:00:00+00:00","equity":1036.19},{"timestamp":"2026-05-16T16:00:00+00:00","equity":1036.03},{"timestamp":"2026-05-16T17:00:00+00:00","equity":1035.97},{"timestamp":"2026-05-16T18:00:00+00:00","equity":1036.16},{"timestamp":"2026-05-16T19:00:00+00:00","equity":1036.42},{"timestamp":"2026-05-16T20:00:00+00:00","equity":1036.22},{"timestamp":"2026-05-16T21:00:00+00:00","equity":1036.4},{"timestamp":"2026-05-16T22:00:00+00:00","equity":1035.83},{"timestamp":"2026-05-16T23:00:00+00:00","equity":1035.54},{"timestamp":"2026-05-17T00:00:00+00:00","equity":1034.17},{"timestamp":"2026-05-17T01:00:00+00:00","equity":1032.81},{"timestamp":"2026-05-17T02:00:00+00:00","equity":1033.91},{"timestamp":"2026-05-17T03:00:00+00:00","equity":1034.77},{"timestamp":"2026-05-17T04:00:00+00:00","equity":1035.66},{"timestamp":"2026-05-17T05:00:00+00:00","equity":1035.49},{"timestamp":"2026-05-17T06:00:00+00:00","equity":1035.35},{"timestamp":"2026-05-17T07:00:00+00:00","equity":1035.86},{"timestamp":"2026-05-17T08:00:00+00:00","equity":1035.21},{"timestamp":"2026-05-17T09:00:00+00:00","equity":1036.3},{"timestamp":"2026-05-17T10:00:00+00:00","equity":1037.77},{"timestamp":"2026-05-17T11:00:00+00:00","equity":1037.43},{"timestamp":"2026-05-17T12:00:00+00:00","equity":1037.09},{"timestamp":"2026-05-17T13:00:00+00:00","equity":1036.01},{"timestamp":"2026-05-17T14:00:00+00:00","equity":1034.91},{"timestamp":"2026-05-17T15:00:00+00:00","equity":1034.9},{"timestamp":"2026-05-17T16:00:00+00:00","equity":1034.83},{"timestamp":"2026-05-17T17:00:00+00:00","equity":1035.2},{"timestamp":"2026-05-17T18:00:00+00:00","equity":1036.4},{"timestamp":"2026-05-17T19:00:00+00:00","equity":1037.51},{"timestamp":"2026-05-17T20:00:00+00:00","equity":1036.37},{"timestamp":"2026-05-17T21:00:00+00:00","equity":1037.31},{"timestamp":"2026-05-17T22:00:00+00:00","equity":1034.5},{"timestamp":"2026-05-17T23:00:00+00:00","equity":1031.31},{"timestamp":"2026-05-18T00:00:00+00:00","equity":1029.73},{"timestamp":"2026-05-18T01:00:00+00:00","equity":1028.83},{"timestamp":"2026-05-18T02:00:00+00:00","equity":1026.24},{"timestamp":"2026-05-18T03:00:00+00:00","equity":1027.11},{"timestamp":"2026-05-18T04:00:00+00:00","equity":1028.09},{"timestamp":"2026-05-18T05:00:00+00:00","equity":1027.03},{"timestamp":"2026-05-18T06:00:00+00:00","equity":1026.96},{"timestamp":"2026-05-18T07:00:00+00:00","equity":1028.4},{"timestamp":"2026-05-18T08:00:00+00:00","equity":1027.94},{"timestamp":"2026-05-18T09:00:00+00:00","equity":1027.14},{"timestamp":"2026-05-18T10:00:00+00:00","equity":1025.59},{"timestamp":"2026-05-18T11:00:00+00:00","equity":1030.4},{"timestamp":"2026-05-18T12:00:00+00:00","equity":1033.52},{"timestamp":"2026-05-18T13:00:00+00:00","equity":1028.31},{"timestamp":"2026-05-18T14:00:00+00:00","equity":1023.97},{"timestamp":"2026-05-18T15:00:00+00:00","equity":1024.04},{"timestamp":"2026-05-18T16:00:00+00:00","equity":1024.06},{"timestamp":"2026-05-18T17:00:00+00:00","equity":1027.12},{"timestamp":"2026-05-18T18:00:00+00:00","equity":1022.41},{"timestamp":"2026-05-18T19:00:00+00:00","equity":1029.32},{"timestamp":"2026-05-18T20:00:00+00:00","equity":1029.22},{"timestamp":"2026-05-18T21:00:00+00:00","equity":1031.07},{"timestamp":"2026-05-18T22:00:00+00:00","equity":1030.81},{"timestamp":"2026-05-18T23:00:00+00:00","equity":1030.1},{"timestamp":"2026-05-19T00:00:00+00:00","equity":1031.34},{"timestamp":"2026-05-19T01:00:00+00:00","equity":1026.95},{"timestamp":"2026-05-19T02:00:00+00:00","equity":1026.51},{"timestamp":"2026-05-19T03:00:00+00:00","equity":1028.06},{"timestamp":"2026-05-19T04:00:00+00:00","equity":1027.46}],"bar_count":688,"bars":[{"timestamp":"2026-04-20T00:00:00+00:00","open":73814.6875,"high":74387.828125,"low":73768.0,"close":74317.921875,"volume":114223104.0},{"timestamp":"2026-04-20T01:00:00+00:00","open":74296.8125,"high":74770.8828125,"low":74239.8125,"close":74621.421875,"volume":524847104.0},{"timestamp":"2026-04-20T02:00:00+00:00","open":74648.0625,"high":74648.5390625,"low":74338.453125,"close":74444.046875,"volume":387602432.0},{"timestamp":"2026-04-20T03:00:00+00:00","open":74440.296875,"high":74674.0078125,"low":74390.1328125,"close":74667.90625,"volume":237033472.0},{"timestamp":"2026-04-20T04:00:00+00:00","open":74667.90625,"high":74669.1875,"low":74469.0390625,"close":74590.390625,"volume":0.0},{"timestamp":"2026-04-20T05:00:00+00:00","open":74584.359375,"high":74590.3984375,"low":74136.9375,"close":74297.921875,"volume":346931200.0},{"timestamp":"2026-04-20T06:00:00+00:00","open":74317.9375,"high":74916.9921875,"low":74283.5390625,"close":74820.1796875,"volume":234817536.0},{"timestamp":"2026-04-20T07:00:00+00:00","open":74842.03125,"high":75588.8828125,"low":74693.4375,"close":74857.640625,"volume":489672704.0},{"timestamp":"2026-04-20T08:00:00+00:00","open":74861.0,"high":75026.953125,"low":74649.6796875,"close":74761.7578125,"volume":597123072.0},{"timestamp":"2026-04-20T09:00:00+00:00","open":74737.9765625,"high":75269.640625,"low":74726.109375,"close":75100.453125,"volume":463020032.0},{"timestamp":"2026-04-20T10:00:00+00:00","open":75130.3828125,"high":75439.8515625,"low":75042.1796875,"close":75068.6796875,"volume":41537536.0},{"timestamp":"2026-04-20T11:00:00+00:00","open":75068.7265625,"high":75319.1796875,"low":74997.6484375,"close":75223.96875,"volume":0.0},{"timestamp":"2026-04-20T12:00:00+00:00","open":75218.03125,"high":75672.8125,"low":75108.0,"close":75328.90625,"volume":466120704.0},{"timestamp":"2026-04-20T13:00:00+00:00","open":75331.546875,"high":75470.8203125,"low":74912.3671875,"close":75309.2890625,"volume":71524352.0},{"timestamp":"2026-04-20T14:00:00+00:00","open":75299.2734375,"high":75762.15625,"low":74958.859375,"close":75038.6875,"volume":1182838784.0},{"timestamp":"2026-04-20T15:00:00+00:00","open":75095.1171875,"high":75763.09375,"low":74733.75,"close":75747.078125,"volume":651075584.0},{"timestamp":"2026-04-20T16:00:00+00:00","open":75743.78125,"high":75743.78125,"low":75328.0,"close":75367.1328125,"volume":407003136.0},{"timestamp":"2026-04-20T17:00:00+00:00","open":75383.46875,"high":75998.1484375,"low":75327.0078125,"close":75937.3125,"volume":0.0},{"timestamp":"2026-04-20T18:00:00+00:00","open":75973.0390625,"high":76484.3515625,"low":75944.15625,"close":76450.0,"volume":623157248.0},{"timestamp":"2026-04-20T19:00:00+00:00","open":76483.3828125,"high":76523.3203125,"low":76187.53125,"close":76322.0078125,"volume":1873649664.0},{"timestamp":"2026-04-20T20:00:00+00:00","open":76304.0,"high":76591.65625,"low":76166.0078125,"close":76317.28125,"volume":1115488256.0},{"timestamp":"2026-04-20T21:00:00+00:00","open":76330.0,"high":76405.7265625,"low":75815.9921875,"close":75988.0,"volume":287932416.0},{"timestamp":"2026-04-20T22:00:00+00:00","open":76001.9765625,"high":76179.4375,"low":75933.0234375,"close":76004.671875,"volume":0.0},{"timestamp":"2026-04-20T23:00:00+00:00","open":75900.0,"high":75943.0234375,"low":75653.7109375,"close":75864.859375,"volume":0.0},{"timestamp":"2026-04-21T00:00:00+00:00","open":75869.5,"high":76128.6796875,"low":75724.84375,"close":76127.09375,"volume":0.0},{"timestamp":"2026-04-21T01:00:00+00:00","open":76095.8203125,"high":76278.0078125,"low":75902.890625,"close":75955.0703125,"volume":0.0},{"timestamp":"2026-04-21T02:00:00+00:00","open":75943.71875,"high":75965.09375,"low":75612.0,"close":75613.75,"volume":0.0},{"timestamp":"2026-04-21T03:00:00+00:00","open":75608.7421875,"high":75747.390625,"low":75520.0,"close":75740.578125,"volume":0.0},{"timestamp":"2026-04-21T04:00:00+00:00","open":75754.4765625,"high":75850.71875,"low":75633.28125,"close":75840.546875,"volume":0.0},{"timestamp":"2026-04-21T05:00:00+00:00","open":75840.0,"high":76010.640625,"low":75817.5703125,"close":75835.7734375,"volume":0.0},{"timestamp":"2026-04-21T06:00:00+00:00","open":75835.7734375,"high":76152.671875,"low":75731.171875,"close":76001.828125,"volume":0.0},{"timestamp":"2026-04-21T07:00:00+00:00","open":76001.828125,"high":76321.0,"low":75873.203125,"close":76118.09375,"volume":52444172288.0},{"timestamp":"2026-04-21T08:00:00+00:00","open":76124.1328125,"high":76867.6875,"low":76094.0,"close":76545.6484375,"volume":467214336.0},{"timestamp":"2026-04-21T09:00:00+00:00","open":76545.6015625,"high":76578.03125,"low":76187.1484375,"close":76388.0234375,"volume":0.0},{"timestamp":"2026-04-21T10:00:00+00:00","open":76391.359375,"high":76902.2109375,"low":76388.0078125,"close":76775.1328125,"volume":326430720.0},{"timestamp":"2026-04-21T11:00:00+00:00","open":76789.34375,"high":76789.34375,"low":76370.578125,"close":76478.6171875,"volume":612114432.0},{"timestamp":"2026-04-21T12:00:00+00:00","open":76485.3125,"high":76549.9921875,"low":75770.0,"close":76039.8984375,"volume":274640896.0},{"timestamp":"2026-04-21T13:00:00+00:00","open":76049.828125,"high":76194.6171875,"low":75761.78125,"close":75919.1328125,"volume":29853859840.0},{"timestamp":"2026-04-21T14:00:00+00:00","open":75942.8984375,"high":76588.8671875,"low":75650.8828125,"close":75681.7109375,"volume":0.0},{"timestamp":"2026-04-21T15:00:00+00:00","open":75743.328125,"high":75987.8515625,"low":75533.546875,"close":75850.8203125,"volume":0.0},{"timestamp":"2026-04-21T16:00:00+00:00","open":75888.15625,"high":76198.0,"low":75773.609375,"close":75800.3515625,"volume":0.0},{"timestamp":"2026-04-21T17:00:00+00:00","open":75775.8671875,"high":75909.1484375,"low":75098.9921875,"close":75567.2578125,"volume":0.0},{"timestamp":"2026-04-21T18:00:00+00:00","open":75544.078125,"high":75665.8984375,"low":75319.890625,"close":75622.7890625,"volume":0.0},{"timestamp":"2026-04-21T19:00:00+00:00","open":75628.078125,"high":75909.5,"low":74825.9921875,"close":75019.9921875,"volume":0.0},{"timestamp":"2026-04-21T20:00:00+00:00","open":75009.0625,"high":75865.9921875,"low":74989.5390625,"close":75743.71875,"volume":0.0},{"timestamp":"2026-04-21T21:00:00+00:00","open":75740.6796875,"high":75796.6796875,"low":75469.859375,"close":75565.0078125,"volume":0.0},{"timestamp":"2026-04-21T22:00:00+00:00","open":75566.1484375,"high":75662.140625,"low":75325.1484375,"close":75662.0078125,"volume":115748864.0},{"timestamp":"2026-04-21T23:00:00+00:00","open":75648.0,"high":76444.9765625,"low":75648.0,"close":76346.8125,"volume":343629824.0},{"timestamp":"2026-04-22T00:00:00+00:00","open":76362.9296875,"high":76519.9921875,"low":76234.046875,"close":76380.46875,"volume":11161600.0},{"timestamp":"2026-04-22T01:00:00+00:00","open":76359.6484375,"high":76432.9375,"low":76156.7421875,"close":76315.6484375,"volume":16044032.0},{"timestamp":"2026-04-22T02:00:00+00:00","open":76330.0,"high":77668.0,"low":76242.8828125,"close":77626.0078125,"volume":1683529728.0},{"timestamp":"2026-04-22T03:00:00+00:00","open":77627.359375,"high":77746.8828125,"low":77430.0,"close":77549.65625,"volume":1451786240.0},{"timestamp":"2026-04-22T04:00:00+00:00","open":77541.546875,"high":77711.1875,"low":77386.0,"close":77535.953125,"volume":753033216.0},{"timestamp":"2026-04-22T05:00:00+00:00","open":77552.03125,"high":78429.28125,"low":77464.0,"close":77991.9921875,"volume":2779820032.0},{"timestamp":"2026-04-22T06:00:00+00:00","open":78000.75,"high":78050.7421875,"low":77908.0,"close":78024.8828125,"volume":737804288.0},{"timestamp":"2026-04-22T07:00:00+00:00","open":78027.609375,"high":78124.6015625,"low":77834.953125,"close":78025.796875,"volume":0.0},{"timestamp":"2026-04-22T08:00:00+00:00","open":78055.2109375,"high":78218.0,"low":77960.3515625,"close":78029.703125,"volume":230256640.0},{"timestamp":"2026-04-22T09:00:00+00:00","open":78008.7578125,"high":78194.03125,"low":77971.3125,"close":78015.5625,"volume":18178048.0},{"timestamp":"2026-04-22T10:00:00+00:00","open":78033.3515625,"high":78192.5078125,"low":77964.1171875,"close":78175.703125,"volume":60895232.0},{"timestamp":"2026-04-22T11:00:00+00:00","open":78197.59375,"high":78394.703125,"low":78120.9609375,"close":78322.546875,"volume":0.0},{"timestamp":"2026-04-22T12:00:00+00:00","open":78329.0,"high":78514.7890625,"low":78141.8984375,"close":78262.8984375,"volume":142364672.0},{"timestamp":"2026-04-22T13:00:00+00:00","open":78252.3515625,"high":78887.4296875,"low":78204.1015625,"close":78887.4296875,"volume":1212329984.0},{"timestamp":"2026-04-22T14:00:00+00:00","open":78897.4609375,"high":79178.8515625,"low":78612.3125,"close":79080.8984375,"volume":1833050112.0},{"timestamp":"2026-04-22T15:00:00+00:00","open":79088.203125,"high":79450.0,"low":78867.390625,"close":79323.609375,"volume":864710656.0},{"timestamp":"2026-04-22T16:00:00+00:00","open":79368.0078125,"high":79502.78125,"low":78674.0,"close":78779.2890625,"volume":912244736.0},{"timestamp":"2026-04-22T17:00:00+00:00","open":78782.46875,"high":79073.4765625,"low":78729.9296875,"close":78922.9921875,"volume":0.0},{"timestamp":"2026-04-22T18:00:00+00:00","open":78961.2734375,"high":79193.6171875,"low":78854.6015625,"close":79062.453125,"volume":0.0},{"timestamp":"2026-04-22T19:00:00+00:00","open":79013.9375,"high":79106.3984375,"low":78734.1484375,"close":78885.7421875,"volume":0.0},{"timestamp":"2026-04-22T20:00:00+00:00","open":78915.8828125,"high":78952.0,"low":78445.796875,"close":78459.828125,"volume":0.0},{"timestamp":"2026-04-22T21:00:00+00:00","open":78447.0234375,"high":78858.2421875,"low":78447.0234375,"close":78794.7578125,"volume":539648000.0},{"timestamp":"2026-04-22T22:00:00+00:00","open":78785.2421875,"high":78865.078125,"low":78487.28125,"close":78642.8984375,"volume":55644160.0},{"timestamp":"2026-04-22T23:00:00+00:00","open":78623.9765625,"high":78635.6015625,"low":78195.796875,"close":78208.5078125,"volume":77496320.0},{"timestamp":"2026-04-23T00:00:00+00:00","open":78241.203125,"high":78608.9296875,"low":77630.328125,"close":78449.546875,"volume":433913856.0},{"timestamp":"2026-04-23T01:00:00+00:00","open":78442.1484375,"high":78482.296875,"low":78093.3125,"close":78379.2109375,"volume":1216458752.0},{"timestamp":"2026-04-23T02:00:00+00:00","open":78387.390625,"high":78387.390625,"low":77789.59375,"close":77967.453125,"volume":0.0},{"timestamp":"2026-04-23T03:00:00+00:00","open":77969.609375,"high":78050.4375,"low":77501.59375,"close":77742.5703125,"volume":122421248.0},{"timestamp":"2026-04-23T04:00:00+00:00","open":77766.8984375,"high":77968.640625,"low":77699.2734375,"close":77937.7265625,"volume":0.0},{"timestamp":"2026-04-23T05:00:00+00:00","open":77948.09375,"high":78116.3984375,"low":77800.03125,"close":78032.90625,"volume":0.0},{"timestamp":"2026-04-23T06:00:00+00:00","open":78066.203125,"high":78370.4921875,"low":78066.203125,"close":78240.0,"volume":0.0},{"timestamp":"2026-04-23T07:00:00+00:00","open":78259.9921875,"high":78281.7734375,"low":78008.0703125,"close":78086.140625,"volume":0.0},{"timestamp":"2026-04-23T08:00:00+00:00","open":78070.8828125,"high":78204.296875,"low":77744.9921875,"close":77877.34375,"volume":0.0},{"timestamp":"2026-04-23T09:00:00+00:00","open":77877.34375,"high":77885.96875,"low":77467.7578125,"close":77672.03125,"volume":660836352.0},{"timestamp":"2026-04-23T10:00:00+00:00","open":77653.6796875,"high":77737.90625,"low":77216.890625,"close":77425.90625,"volume":1202446336.0},{"timestamp":"2026-04-23T11:00:00+00:00","open":77459.4609375,"high":77771.34375,"low":77407.6328125,"close":77722.296875,"volume":0.0},{"timestamp":"2026-04-23T12:00:00+00:00","open":77722.296875,"high":77904.09375,"low":77588.0390625,"close":77904.09375,"volume":0.0},{"timestamp":"2026-04-23T13:00:00+00:00","open":77894.0078125,"high":77946.390625,"low":77421.15625,"close":77559.6796875,"volume":0.0},{"timestamp":"2026-04-23T14:00:00+00:00","open":77534.1015625,"high":78240.9375,"low":77437.4375,"close":78216.578125,"volume":0.0},{"timestamp":"2026-04-23T15:00:00+00:00","open":78210.59375,"high":78716.328125,"low":78012.0390625,"close":78413.1796875,"volume":0.0},{"timestamp":"2026-04-23T16:00:00+00:00","open":78420.71875,"high":78540.8203125,"low":78066.3671875,"close":78143.3984375,"volume":0.0},{"timestamp":"2026-04-23T17:00:00+00:00","open":78148.6328125,"high":78218.5234375,"low":76982.9765625,"close":77796.421875,"volume":1448624128.0},{"timestamp":"2026-04-23T18:00:00+00:00","open":77791.3984375,"high":78169.59375,"low":77697.7890625,"close":77739.09375,"volume":406519808.0},{"timestamp":"2026-04-23T19:00:00+00:00","open":77698.296875,"high":77919.5234375,"low":77629.15625,"close":77745.296875,"volume":236609536.0},{"timestamp":"2026-04-23T20:00:00+00:00","open":77740.9296875,"high":78067.15625,"low":77669.8984375,"close":77906.1015625,"volume":0.0},{"timestamp":"2026-04-23T21:00:00+00:00","open":77906.6015625,"high":78091.9609375,"low":77811.6875,"close":77901.0390625,"volume":0.0},{"timestamp":"2026-04-23T22:00:00+00:00","open":77909.203125,"high":78357.15625,"low":77909.203125,"close":78257.140625,"volume":0.0},{"timestamp":"2026-04-23T23:00:00+00:00","open":78216.09375,"high":78327.6015625,"low":78051.8125,"close":78281.1484375,"volume":0.0},{"timestamp":"2026-04-24T00:00:00+00:00","open":78312.109375,"high":78516.328125,"low":78192.2734375,"close":78446.0234375,"volume":0.0},{"timestamp":"2026-04-24T01:00:00+00:00","open":78447.171875,"high":78483.0703125,"low":77992.28125,"close":78464.1015625,"volume":0.0},{"timestamp":"2026-04-24T02:00:00+00:00","open":78451.703125,"high":78601.7109375,"low":78100.359375,"close":78154.1015625,"volume":0.0},{"timestamp":"2026-04-24T03:00:00+00:00","open":78166.4921875,"high":78198.96875,"low":77590.5234375,"close":77755.390625,"volume":39755776.0},{"timestamp":"2026-04-24T04:00:00+00:00","open":77744.90625,"high":77871.9375,"low":77532.90625,"close":77682.90625,"volume":117673984.0},{"timestamp":"2026-04-24T05:00:00+00:00","open":77673.6015625,"high":78037.2421875,"low":77468.0,"close":77971.828125,"volume":0.0},{"timestamp":"2026-04-24T06:00:00+00:00","open":77989.7890625,"high":77999.09375,"low":77790.2734375,"close":77813.1171875,"volume":0.0},{"timestamp":"2026-04-24T07:00:00+00:00","open":77804.6796875,"high":77880.28125,"low":77587.84375,"close":77676.9609375,"volume":466751488.0},{"timestamp":"2026-04-24T08:00:00+00:00","open":77676.9609375,"high":78029.9765625,"low":77593.203125,"close":77808.7265625,"volume":0.0},{"timestamp":"2026-04-24T09:00:00+00:00","open":77811.4296875,"high":77826.078125,"low":77436.0,"close":77551.890625,"volume":0.0},{"timestamp":"2026-04-24T10:00:00+00:00","open":77528.6171875,"high":77800.71875,"low":77457.2109375,"close":77765.3515625,"volume":0.0},{"timestamp":"2026-04-24T11:00:00+00:00","open":77769.2265625,"high":78397.3203125,"low":77762.453125,"close":78256.1328125,"volume":1135370240.0},{"timestamp":"2026-04-24T12:00:00+00:00","open":78267.28125,"high":78366.46875,"low":78058.75,"close":78298.78125,"volume":0.0},{"timestamp":"2026-04-24T13:00:00+00:00","open":78292.6796875,"high":78466.890625,"low":77932.796875,"close":78107.84375,"volume":300425216.0},{"timestamp":"2026-04-24T14:00:00+00:00","open":78073.8125,"high":78095.1171875,"low":77709.546875,"close":78074.15625,"volume":260997120.0},{"timestamp":"2026-04-24T15:00:00+00:00","open":78060.7421875,"high":78217.75,"low":77602.75,"close":78070.7578125,"volume":0.0},{"timestamp":"2026-04-24T16:00:00+00:00","open":78069.359375,"high":78084.5390625,"low":77613.3125,"close":77804.0390625,"volume":31268864.0},{"timestamp":"2026-04-24T17:00:00+00:00","open":77764.6328125,"high":77839.6015625,"low":77502.59375,"close":77705.53125,"volume":0.0},{"timestamp":"2026-04-24T18:00:00+00:00","open":77695.5,"high":77741.890625,"low":77385.046875,"close":77637.609375,"volume":0.0},{"timestamp":"2026-04-24T19:00:00+00:00","open":77655.0,"high":77769.1484375,"low":77555.6015625,"close":77661.8203125,"volume":0.0},{"timestamp":"2026-04-24T20:00:00+00:00","open":77648.390625,"high":77784.3125,"low":77478.3203125,"close":77748.6875,"volume":0.0},{"timestamp":"2026-04-24T21:00:00+00:00","open":77736.0,"high":77785.0,"low":77565.4375,"close":77565.4375,"volume":263231488.0},{"timestamp":"2026-04-24T22:00:00+00:00","open":77572.0390625,"high":77650.71875,"low":77309.6015625,"close":77360.78125,"volume":392822784.0},{"timestamp":"2026-04-24T23:00:00+00:00","open":77375.6171875,"high":77484.96875,"low":77358.8203125,"close":77461.7890625,"volume":217126912.0},{"timestamp":"2026-04-25T00:00:00+00:00","open":77466.03125,"high":77518.6015625,"low":77340.046875,"close":77483.4296875,"volume":0.0},{"timestamp":"2026-04-25T01:00:00+00:00","open":77498.0234375,"high":77645.4609375,"low":77461.0078125,"close":77559.96875,"volume":0.0},{"timestamp":"2026-04-25T02:00:00+00:00","open":77571.2265625,"high":77669.53125,"low":77522.8125,"close":77634.9609375,"volume":0.0},{"timestamp":"2026-04-25T03:00:00+00:00","open":77650.7109375,"high":77736.1171875,"low":77574.671875,"close":77699.90625,"volume":0.0},{"timestamp":"2026-04-25T04:00:00+00:00","open":77699.90625,"high":77726.15625,"low":77621.8984375,"close":77641.15625,"volume":0.0},{"timestamp":"2026-04-25T05:00:00+00:00","open":77634.3203125,"high":77634.3203125,"low":77509.6796875,"close":77542.1875,"volume":0.0},{"timestamp":"2026-04-25T06:00:00+00:00","open":77545.75,"high":77609.2734375,"low":77506.7109375,"close":77526.421875,"volume":0.0},{"timestamp":"2026-04-25T07:00:00+00:00","open":77510.0078125,"high":77598.0390625,"low":77470.0,"close":77521.96875,"volume":0.0},{"timestamp":"2026-04-25T08:00:00+00:00","open":77513.71875,"high":77686.796875,"low":77510.9375,"close":77672.640625,"volume":0.0},{"timestamp":"2026-04-25T09:00:00+00:00","open":77693.3515625,"high":77806.0703125,"low":77612.0,"close":77738.1875,"volume":0.0},{"timestamp":"2026-04-25T10:00:00+00:00","open":77749.9375,"high":77910.359375,"low":77749.9375,"close":77809.4765625,"volume":0.0},{"timestamp":"2026-04-25T11:00:00+00:00","open":77809.46875,"high":77809.46875,"low":77636.171875,"close":77706.171875,"volume":0.0},{"timestamp":"2026-04-25T12:00:00+00:00","open":77697.40625,"high":77736.9375,"low":77565.453125,"close":77575.2890625,"volume":0.0},{"timestamp":"2026-04-25T13:00:00+00:00","open":77579.9921875,"high":77731.6875,"low":77579.9921875,"close":77701.359375,"volume":0.0},{"timestamp":"2026-04-25T14:00:00+00:00","open":77701.3515625,"high":77772.078125,"low":77652.09375,"close":77679.9609375,"volume":0.0},{"timestamp":"2026-04-25T15:00:00+00:00","open":77679.9609375,"high":77744.0234375,"low":77345.6796875,"close":77354.0625,"volume":0.0},{"timestamp":"2026-04-25T16:00:00+00:00","open":77326.0,"high":77483.4375,"low":77201.3515625,"close":77427.6875,"volume":0.0},{"timestamp":"2026-04-25T17:00:00+00:00","open":77427.671875,"high":77433.7421875,"low":77236.1328125,"close":77274.5234375,"volume":0.0},{"timestamp":"2026-04-25T18:00:00+00:00","open":77255.8203125,"high":77414.5625,"low":77242.171875,"close":77311.0078125,"volume":0.0},{"timestamp":"2026-04-25T19:00:00+00:00","open":77309.6015625,"high":77372.359375,"low":77210.0,"close":77339.78125,"volume":31266816.0},{"timestamp":"2026-04-25T20:00:00+00:00","open":77368.6328125,"high":77506.6015625,"low":77324.5703125,"close":77497.0703125,"volume":0.0},{"timestamp":"2026-04-25T21:00:00+00:00","open":77498.2109375,"high":77551.4765625,"low":77434.25,"close":77548.9296875,"volume":0.0},{"timestamp":"2026-04-25T22:00:00+00:00","open":77551.609375,"high":77662.25,"low":77519.5234375,"close":77577.9609375,"volume":0.0},{"timestamp":"2026-04-25T23:00:00+00:00","open":77577.96875,"high":77666.4765625,"low":77545.7734375,"close":77650.71875,"volume":386048.0},{"timestamp":"2026-04-26T00:00:00+00:00","open":77651.1171875,"high":77663.84375,"low":77468.3984375,"close":77520.34375,"volume":0.0},{"timestamp":"2026-04-26T01:00:00+00:00","open":77550.171875,"high":77591.6796875,"low":77470.3203125,"close":77479.2734375,"volume":0.0},{"timestamp":"2026-04-26T02:00:00+00:00","open":77471.84375,"high":77620.546875,"low":77471.84375,"close":77545.7109375,"volume":0.0},{"timestamp":"2026-04-26T03:00:00+00:00","open":77536.6328125,"high":77564.5234375,"low":77346.4375,"close":77408.0,"volume":0.0},{"timestamp":"2026-04-26T04:00:00+00:00","open":77400.0234375,"high":77838.0,"low":77394.8828125,"close":77790.6171875,"volume":0.0},{"timestamp":"2026-04-26T05:00:00+00:00","open":77790.046875,"high":78212.6015625,"low":77736.0,"close":78004.96875,"volume":940247040.0},{"timestamp":"2026-04-26T06:00:00+00:00","open":78025.0078125,"high":78073.90625,"low":77921.8828125,"close":78019.1875,"volume":0.0},{"timestamp":"2026-04-26T07:00:00+00:00","open":78024.640625,"high":78148.8203125,"low":77985.6171875,"close":78126.3125,"volume":107668480.0},{"timestamp":"2026-04-26T08:00:00+00:00","open":78133.0234375,"high":78232.84375,"low":78047.0,"close":78050.0078125,"volume":237775872.0},{"timestamp":"2026-04-26T09:00:00+00:00","open":78039.9375,"high":78081.28125,"low":77940.6875,"close":78026.921875,"volume":110282752.0},{"timestamp":"2026-04-26T10:00:00+00:00","open":78024.6328125,"high":78070.7421875,"low":77975.4375,"close":78024.640625,"volume":0.0},{"timestamp":"2026-04-26T11:00:00+00:00","open":78031.1875,"high":78172.203125,"low":78031.1875,"close":78118.0,"volume":0.0},{"timestamp":"2026-04-26T12:00:00+00:00","open":78121.3515625,"high":78135.21875,"low":77791.9765625,"close":77850.8125,"volume":137375744.0},{"timestamp":"2026-04-26T13:00:00+00:00","open":77851.7421875,"high":78003.8828125,"low":77820.84375,"close":77993.75,"volume":367250432.0},{"timestamp":"2026-04-26T14:00:00+00:00","open":77980.7109375,"high":78189.640625,"low":77893.453125,"close":78108.3671875,"volume":189856768.0},{"timestamp":"2026-04-26T15:00:00+00:00","open":78132.859375,"high":78146.7265625,"low":78014.8125,"close":78073.828125,"volume":0.0},{"timestamp":"2026-04-26T16:00:00+00:00","open":78084.390625,"high":78112.296875,"low":77954.359375,"close":77954.359375,"volume":0.0},{"timestamp":"2026-04-26T17:00:00+00:00","open":77935.9921875,"high":78077.109375,"low":77872.9375,"close":78037.4609375,"volume":348411904.0},{"timestamp":"2026-04-26T18:00:00+00:00","open":78054.1484375,"high":78330.0625,"low":78010.0078125,"close":78301.9921875,"volume":414023680.0},{"timestamp":"2026-04-26T19:00:00+00:00","open":78316.5703125,"high":78520.90625,"low":78063.9765625,"close":78258.0,"volume":637310976.0},{"timestamp":"2026-04-26T20:00:00+00:00","open":78271.6015625,"high":78408.390625,"low":78180.0625,"close":78228.578125,"volume":240617472.0},{"timestamp":"2026-04-26T21:00:00+00:00","open":78224.9765625,"high":78917.609375,"low":77891.671875,"close":78437.9609375,"volume":554913792.0},{"timestamp":"2026-04-26T22:00:00+00:00","open":78383.5625,"high":78882.546875,"low":78024.7578125,"close":78339.53125,"volume":2106273792.0},{"timestamp":"2026-04-26T23:00:00+00:00","open":78300.078125,"high":78886.0078125,"low":78059.046875,"close":78664.640625,"volume":751665152.0},{"timestamp":"2026-04-27T00:00:00+00:00","open":78673.84375,"high":79346.4765625,"low":78419.9609375,"close":79263.96875,"volume":1547227136.0},{"timestamp":"2026-04-27T01:00:00+00:00","open":79352.71875,"high":79488.7265625,"low":78765.890625,"close":79298.0,"volume":2230464512.0},{"timestamp":"2026-04-27T02:00:00+00:00","open":79307.8515625,"high":79321.859375,"low":79048.0,"close":79150.0,"volume":805343232.0},{"timestamp":"2026-04-27T03:00:00+00:00","open":79103.7578125,"high":79332.0,"low":79091.8671875,"close":79120.0234375,"volume":592953344.0},{"timestamp":"2026-04-27T04:00:00+00:00","open":79124.3828125,"high":79175.90625,"low":78897.1171875,"close":78942.0234375,"volume":243953664.0},{"timestamp":"2026-04-27T05:00:00+00:00","open":78954.2421875,"high":78954.2421875,"low":77602.0078125,"close":77798.7109375,"volume":1913896960.0},{"timestamp":"2026-04-27T06:00:00+00:00","open":77776.171875,"high":77879.1171875,"low":77486.0,"close":77709.7578125,"volume":967665664.0},{"timestamp":"2026-04-27T07:00:00+00:00","open":77695.0,"high":77749.109375,"low":77572.0078125,"close":77621.2109375,"volume":736251904.0},{"timestamp":"2026-04-27T08:00:00+00:00","open":77606.4609375,"high":77821.8203125,"low":77563.0234375,"close":77811.5625,"volume":512008192.0},{"timestamp":"2026-04-27T09:00:00+00:00","open":77815.953125,"high":77989.3984375,"low":77706.421875,"close":77902.453125,"volume":716265472.0},{"timestamp":"2026-04-27T10:00:00+00:00","open":77890.6875,"high":77948.453125,"low":77792.4765625,"close":77857.4375,"volume":402022400.0},{"timestamp":"2026-04-27T11:00:00+00:00","open":77850.4375,"high":77896.9609375,"low":77745.0078125,"close":77847.890625,"volume":229912576.0},{"timestamp":"2026-04-27T12:00:00+00:00","open":77843.140625,"high":77878.0,"low":77624.9921875,"close":77671.0390625,"volume":146503680.0},{"timestamp":"2026-04-27T13:00:00+00:00","open":77654.0,"high":77961.3828125,"low":77576.9765625,"close":77750.0,"volume":685049856.0},{"timestamp":"2026-04-27T14:00:00+00:00","open":77743.9609375,"high":78277.2109375,"low":77675.296875,"close":77807.8125,"volume":832782336.0},{"timestamp":"2026-04-27T15:00:00+00:00","open":77833.5,"high":77840.6328125,"low":76566.671875,"close":76772.921875,"volume":3475200000.0},{"timestamp":"2026-04-27T16:00:00+00:00","open":76750.890625,"high":76853.75,"low":76536.6484375,"close":76615.84375,"volume":1258008576.0},{"timestamp":"2026-04-27T17:00:00+00:00","open":76631.0078125,"high":76916.28125,"low":76616.0078125,"close":76721.2265625,"volume":862670848.0},{"timestamp":"2026-04-27T18:00:00+00:00","open":76704.0,"high":76883.453125,"low":76647.0234375,"close":76814.0078125,"volume":94588928.0},{"timestamp":"2026-04-27T19:00:00+00:00","open":76802.03125,"high":76891.9375,"low":76472.7578125,"close":76878.0,"volume":182620160.0},{"timestamp":"2026-04-27T20:00:00+00:00","open":76867.9375,"high":77051.28125,"low":76836.3984375,"close":76955.3671875,"volume":305152000.0},{"timestamp":"2026-04-27T21:00:00+00:00","open":76945.921875,"high":76980.5390625,"low":76777.0,"close":76777.0,"volume":0.0},{"timestamp":"2026-04-27T22:00:00+00:00","open":76805.296875,"high":77076.46875,"low":76735.0,"close":77051.109375,"volume":0.0},{"timestamp":"2026-04-27T23:00:00+00:00","open":77029.140625,"high":77444.3984375,"low":77007.7578125,"close":77364.40625,"volume":0.0},{"timestamp":"2026-04-28T00:00:00+00:00","open":77380.9375,"high":77478.9765625,"low":77213.9296875,"close":77381.796875,"volume":0.0},{"timestamp":"2026-04-28T01:00:00+00:00","open":77368.3203125,"high":77399.6875,"low":77043.609375,"close":77078.359375,"volume":0.0},{"timestamp":"2026-04-28T02:00:00+00:00","open":77103.5625,"high":77226.2265625,"low":76688.03125,"close":76888.0234375,"volume":0.0},{"timestamp":"2026-04-28T03:00:00+00:00","open":76876.0390625,"high":76895.8828125,"low":76682.171875,"close":76809.3515625,"volume":0.0},{"timestamp":"2026-04-28T04:00:00+00:00","open":76808.0,"high":76952.84375,"low":76697.53125,"close":76885.6015625,"volume":0.0},{"timestamp":"2026-04-28T05:00:00+00:00","open":76915.1875,"high":77147.109375,"low":76808.0078125,"close":76889.9609375,"volume":0.0},{"timestamp":"2026-04-28T06:00:00+00:00","open":76891.0078125,"high":77029.3984375,"low":76586.203125,"close":76702.9921875,"volume":0.0},{"timestamp":"2026-04-28T07:00:00+00:00","open":76683.21875,"high":76911.109375,"low":76430.90625,"close":76864.3203125,"volume":348000256.0},{"timestamp":"2026-04-28T08:00:00+00:00","open":76879.921875,"high":77000.3671875,"low":76743.71875,"close":76857.03125,"volume":719095808.0},{"timestamp":"2026-04-28T09:00:00+00:00","open":76852.2421875,"high":76867.4375,"low":76485.046875,"close":76587.2421875,"volume":0.0},{"timestamp":"2026-04-28T10:00:00+00:00","open":76580.6796875,"high":76684.6796875,"low":76476.8203125,"close":76610.0078125,"volume":0.0},{"timestamp":"2026-04-28T11:00:00+00:00","open":76636.5625,"high":76636.5625,"low":76122.4765625,"close":76219.9765625,"volume":1286920192.0},{"timestamp":"2026-04-28T12:00:00+00:00","open":76244.546875,"high":76422.03125,"low":76162.3125,"close":76386.953125,"volume":717594624.0},{"timestamp":"2026-04-28T13:00:00+00:00","open":76369.3125,"high":76412.8125,"low":75968.5078125,"close":76191.3203125,"volume":818823168.0},{"timestamp":"2026-04-28T14:00:00+00:00","open":76190.390625,"high":76198.0078125,"low":75660.703125,"close":75940.0078125,"volume":288567296.0},{"timestamp":"2026-04-28T15:00:00+00:00","open":75943.8984375,"high":76071.3828125,"low":75841.859375,"close":76050.296875,"volume":0.0},{"timestamp":"2026-04-28T16:00:00+00:00","open":76043.0078125,"high":76178.0,"low":75861.96875,"close":76109.2734375,"volume":0.0},{"timestamp":"2026-04-28T17:00:00+00:00","open":76077.9921875,"high":76249.9921875,"low":75939.1015625,"close":76166.7890625,"volume":0.0},{"timestamp":"2026-04-28T18:00:00+00:00","open":76177.921875,"high":76264.0,"low":76111.0078125,"close":76220.65625,"volume":831488.0},{"timestamp":"2026-04-28T19:00:00+00:00","open":76222.53125,"high":76377.59375,"low":76044.75,"close":76325.9765625,"volume":0.0},{"timestamp":"2026-04-28T20:00:00+00:00","open":76338.2109375,"high":76478.328125,"low":76321.453125,"close":76461.9921875,"volume":12216320.0},{"timestamp":"2026-04-28T21:00:00+00:00","open":76464.96875,"high":76483.640625,"low":76265.65625,"close":76349.5234375,"volume":61394944.0},{"timestamp":"2026-04-28T22:00:00+00:00","open":76384.8515625,"high":76439.7421875,"low":76206.0078125,"close":76229.796875,"volume":0.0},{"timestamp":"2026-04-28T23:00:00+00:00","open":76219.1796875,"high":76352.6328125,"low":76176.5,"close":76315.90625,"volume":0.0},{"timestamp":"2026-04-29T00:00:00+00:00","open":76309.3203125,"high":76536.71875,"low":76255.9765625,"close":76502.3515625,"volume":0.0},{"timestamp":"2026-04-29T01:00:00+00:00","open":76486.8125,"high":76630.3203125,"low":76166.578125,"close":76544.703125,"volume":427264000.0},{"timestamp":"2026-04-29T02:00:00+00:00","open":76555.4375,"high":76642.6328125,"low":76387.0625,"close":76509.2734375,"volume":0.0},{"timestamp":"2026-04-29T03:00:00+00:00","open":76517.9921875,"high":77117.03125,"low":76496.203125,"close":76987.2734375,"volume":30533632.0},{"timestamp":"2026-04-29T04:00:00+00:00","open":77001.0390625,"high":77444.4375,"low":76875.6171875,"close":77260.8984375,"volume":1159886848.0},{"timestamp":"2026-04-29T05:00:00+00:00","open":77266.0,"high":77321.3515625,"low":77186.75,"close":77280.359375,"volume":174544896.0},{"timestamp":"2026-04-29T06:00:00+00:00","open":77276.1484375,"high":77317.1484375,"low":76922.296875,"close":77001.609375,"volume":148881408.0},{"timestamp":"2026-04-29T07:00:00+00:00","open":77011.0,"high":77175.0,"low":77004.359375,"close":77034.0390625,"volume":0.0},{"timestamp":"2026-04-29T08:00:00+00:00","open":77048.3984375,"high":77143.65625,"low":76947.703125,"close":77029.453125,"volume":0.0},{"timestamp":"2026-04-29T09:00:00+00:00","open":77020.15625,"high":77788.03125,"low":76948.9921875,"close":77646.2421875,"volume":679464960.0},{"timestamp":"2026-04-29T10:00:00+00:00","open":77682.6328125,"high":77896.1875,"low":77560.7578125,"close":77618.0,"volume":1459795968.0},{"timestamp":"2026-04-29T11:00:00+00:00","open":77622.5625,"high":77679.4921875,"low":77474.8828125,"close":77581.921875,"volume":0.0},{"timestamp":"2026-04-29T12:00:00+00:00","open":77580.7421875,"high":77593.9921875,"low":76980.0,"close":77122.0234375,"volume":778452992.0},{"timestamp":"2026-04-29T13:00:00+00:00","open":77117.40625,"high":77220.9921875,"low":76420.0390625,"close":76758.2109375,"volume":0.0},{"timestamp":"2026-04-29T14:00:00+00:00","open":76737.921875,"high":76848.03125,"low":76465.78125,"close":76545.2109375,"volume":0.0},{"timestamp":"2026-04-29T15:00:00+00:00","open":76542.96875,"high":76609.3828125,"low":75683.3984375,"close":75868.4375,"volume":829915136.0},{"timestamp":"2026-04-29T16:00:00+00:00","open":75842.609375,"high":76094.890625,"low":75665.0390625,"close":75766.9375,"volume":1276588032.0},{"timestamp":"2026-04-29T17:00:00+00:00","open":75779.46875,"high":76132.0390625,"low":75770.890625,"close":76132.0390625,"volume":226410496.0},{"timestamp":"2026-04-29T18:00:00+00:00","open":76181.28125,"high":76190.8671875,"low":74927.65625,"close":75483.90625,"volume":2440900608.0},{"timestamp":"2026-04-29T19:00:00+00:00","open":75494.9921875,"high":75567.8984375,"low":75268.1875,"close":75529.6328125,"volume":657338368.0},{"timestamp":"2026-04-29T20:00:00+00:00","open":75523.8125,"high":75838.6015625,"low":75462.4765625,"close":75646.8828125,"volume":626049024.0},{"timestamp":"2026-04-29T21:00:00+00:00","open":75625.7421875,"high":76016.09375,"low":75579.2109375,"close":75901.8828125,"volume":269602816.0},{"timestamp":"2026-04-29T22:00:00+00:00","open":75883.59375,"high":75980.4375,"low":75791.7421875,"close":75895.5078125,"volume":208089088.0},{"timestamp":"2026-04-29T23:00:00+00:00","open":75900.0390625,"high":75959.78125,"low":75685.171875,"close":75752.8828125,"volume":296615936.0},{"timestamp":"2026-04-30T00:00:00+00:00","open":75800.78125,"high":76305.671875,"low":75622.140625,"close":76232.5625,"volume":16420864.0},{"timestamp":"2026-04-30T01:00:00+00:00","open":76205.90625,"high":76430.796875,"low":76148.3671875,"close":76212.84375,"volume":0.0},{"timestamp":"2026-04-30T02:00:00+00:00","open":76218.140625,"high":76327.1796875,"low":75472.0,"close":75673.171875,"volume":583127040.0},{"timestamp":"2026-04-30T03:00:00+00:00","open":75673.5078125,"high":75972.4921875,"low":75650.8515625,"close":75901.8203125,"volume":0.0},{"timestamp":"2026-04-30T04:00:00+00:00","open":75902.859375,"high":75937.953125,"low":75361.0390625,"close":75456.2734375,"volume":0.0},{"timestamp":"2026-04-30T05:00:00+00:00","open":75458.546875,"high":75725.328125,"low":75312.7109375,"close":75567.8984375,"volume":10039296.0},{"timestamp":"2026-04-30T06:00:00+00:00","open":75577.46875,"high":75842.7421875,"low":75543.0625,"close":75726.171875,"volume":0.0},{"timestamp":"2026-04-30T07:00:00+00:00","open":75724.9765625,"high":76146.546875,"low":75683.9375,"close":76134.328125,"volume":0.0},{"timestamp":"2026-04-30T08:00:00+00:00","open":76147.90625,"high":76176.328125,"low":75991.0390625,"close":76035.7421875,"volume":0.0},{"timestamp":"2026-04-30T09:00:00+00:00","open":76023.7578125,"high":76321.9765625,"low":75980.9765625,"close":76071.859375,"volume":0.0},{"timestamp":"2026-04-30T10:00:00+00:00","open":76077.046875,"high":76137.1484375,"low":75952.28125,"close":75994.2890625,"volume":0.0},{"timestamp":"2026-04-30T11:00:00+00:00","open":76013.0390625,"high":76205.96875,"low":75848.0,"close":76031.9765625,"volume":0.0}