{"updated_at":"2026-05-07T09:54:17.075624+00:00","pairs":[{"pair":"BTC","config":{"pair":"BTC","lower":71853.21484375,"upper":81336.62109375,"n_levels":12,"capital_usd":1000.0,"fee_rate":0.001},"levels":[71853.2148,72667.5875,73491.1902,74324.1274,75166.5051,76018.4301,76880.0106,77751.3562,78632.5775,79523.7864,80425.0961,81336.6211],"fills":[{"timestamp":"2026-04-08T00:00:00+00:00","side":"buy","price":71853.21484375,"qty":0.0012652056154589504,"level_idx":0,"pnl_usd":0.0},{"timestamp":"2026-04-08T00:00:00+00:00","side":"buy","price":72667.58753912461,"qty":0.0012510266817395716,"level_idx":1,"pnl_usd":0.0},{"timestamp":"2026-04-08T00:00:00+00:00","side":"buy","price":73491.19020268385,"qty":0.0012370066488019808,"level_idx":2,"pnl_usd":0.0},{"timestamp":"2026-04-08T00:00:00+00:00","side":"buy","price":74324.12744539171,"qty":0.0012231437358734508,"level_idx":3,"pnl_usd":0.0},{"timestamp":"2026-04-08T00:00:00+00:00","side":"buy","price":75166.50506385583,"qty":0.0012094361821380593,"level_idx":4,"pnl_usd":0.0},{"timestamp":"2026-04-08T00:00:00+00:00","side":"buy","price":76018.43005376555,"qty":0.0011958822465130317,"level_idx":5,"pnl_usd":0.0},{"timestamp":"2026-04-08T00:00:00+00:00","side":"buy","price":76880.01062348192,"qty":0.0011824802074275988,"level_idx":6,"pnl_usd":0.0},{"timestamp":"2026-04-08T00:00:00+00:00","side":"buy","price":77751.3562077821,"qty":0.0011692283626043279,"level_idx":7,"pnl_usd":0.0},{"timestamp":"2026-04-08T00:00:00+00:00","side":"buy","price":78632.57748175926,"qty":0.0011561250288429053,"level_idx":8,"pnl_usd":0.0},{"timestamp":"2026-04-08T00:00:00+00:00","side":"buy","price":79523.7863748801,"qty":0.0011431685418063441,"level_idx":9,"pnl_usd":0.0},{"timestamp":"2026-04-08T00:00:00+00:00","side":"buy","price":80425.09608520183,"qty":0.0011303572558095845,"level_idx":10,"pnl_usd":0.0},{"timestamp":"2026-04-08T13:00:00+00:00","side":"sell","price":72667.58753912461,"qty":0.0012652056154589504,"level_idx":1,"pnl_usd":0.9384094674480417},{"timestamp":"2026-04-08T14:00:00+00:00","side":"buy","price":71853.21484375,"qty":0.0012652056154589504,"level_idx":0,"pnl_usd":0.0},{"timestamp":"2026-04-09T22:00:00+00:00","side":"sell","price":72667.58753912461,"qty":0.0012652056154589504,"level_idx":1,"pnl_usd":0.9384094674480417},{"timestamp":"2026-04-09T23:00:00+00:00","side":"buy","price":71853.21484375,"qty":0.0012652056154589504,"level_idx":0,"pnl_usd":0.0},{"timestamp":"2026-04-10T14:00:00+00:00","side":"sell","price":72667.58753912461,"qty":0.0012652056154589504,"level_idx":1,"pnl_usd":0.9384094674480417},{"timestamp":"2026-04-11T18:00:00+00:00","side":"sell","price":73491.19020268385,"qty":0.0012510266817395716,"level_idx":2,"pnl_usd":0.9384094674480274},{"timestamp":"2026-04-12T01:00:00+00:00","side":"buy","price":71853.21484375,"qty":0.0012652056154589504,"level_idx":0,"pnl_usd":0.0},{"timestamp":"2026-04-12T01:00:00+00:00","side":"buy","price":72667.58753912461,"qty":0.0012510266817395716,"level_idx":1,"pnl_usd":0.0},{"timestamp":"2026-04-12T01:00:00+00:00","side":"sell","price":72667.58753912461,"qty":0.0012652056154589504,"level_idx":1,"pnl_usd":0.9384094674480417},{"timestamp":"2026-04-12T02:00:00+00:00","side":"buy","price":71853.21484375,"qty":0.0012652056154589504,"level_idx":0,"pnl_usd":0.0},{"timestamp":"2026-04-13T19:00:00+00:00","side":"sell","price":72667.58753912461,"qty":0.0012652056154589504,"level_idx":1,"pnl_usd":0.9384094674480417},{"timestamp":"2026-04-13T22:00:00+00:00","side":"sell","price":74324.12744539171,"qty":0.0012370066488019808,"level_idx":3,"pnl_usd":0.9384094674480559},{"timestamp":"2026-04-13T22:00:00+00:00","side":"sell","price":73491.19020268385,"qty":0.0012510266817395716,"level_idx":2,"pnl_usd":0.9384094674480274},{"timestamp":"2026-04-14T13:00:00+00:00","side":"sell","price":75166.50506385583,"qty":0.0012231437358734508,"level_idx":4,"pnl_usd":0.9384094674480132},{"timestamp":"2026-04-14T18:00:00+00:00","side":"buy","price":74324.12744539171,"qty":0.0012231437358734508,"level_idx":3,"pnl_usd":0.0},{"timestamp":"2026-04-15T19:00:00+00:00","side":"sell","price":75166.50506385583,"qty":0.0012231437358734508,"level_idx":4,"pnl_usd":0.9384094674480132},{"timestamp":"2026-04-16T10:00:00+00:00","side":"buy","price":74324.12744539171,"qty":0.0012231437358734508,"level_idx":3,"pnl_usd":0.0},{"timestamp":"2026-04-16T13:00:00+00:00","side":"buy","price":73491.19020268385,"qty":0.0012370066488019808,"level_idx":2,"pnl_usd":0.0},{"timestamp":"2026-04-16T13:00:00+00:00","side":"sell","price":74324.12744539171,"qty":0.0012370066488019808,"level_idx":3,"pnl_usd":0.9384094674480559},{"timestamp":"2026-04-16T14:00:00+00:00","side":"buy","price":73491.19020268385,"qty":0.0012370066488019808,"level_idx":2,"pnl_usd":0.0},{"timestamp":"2026-04-16T15:00:00+00:00","side":"sell","price":74324.12744539171,"qty":0.0012370066488019808,"level_idx":3,"pnl_usd":0.9384094674480559},{"timestamp":"2026-04-16T19:00:00+00:00","side":"sell","price":75166.50506385583,"qty":0.0012231437358734508,"level_idx":4,"pnl_usd":0.9384094674480132},{"timestamp":"2026-04-17T09:00:00+00:00","side":"sell","price":76018.43005376555,"qty":0.0012094361821380593,"level_idx":5,"pnl_usd":0.9384094674480559},{"timestamp":"2026-04-17T10:00:00+00:00","side":"buy","price":75166.50506385583,"qty":0.0012094361821380593,"level_idx":4,"pnl_usd":0.0},{"timestamp":"2026-04-17T12:00:00+00:00","side":"sell","price":76018.43005376555,"qty":0.0012094361821380593,"level_idx":5,"pnl_usd":0.9384094674480559},{"timestamp":"2026-04-17T13:00:00+00:00","side":"sell","price":76880.01062348192,"qty":0.0011958822465130317,"level_idx":6,"pnl_usd":0.9384094674480417},{"timestamp":"2026-04-17T14:00:00+00:00","side":"sell","price":77751.3562077821,"qty":0.0011824802074275988,"level_idx":7,"pnl_usd":0.9384094674480417},{"timestamp":"2026-04-18T08:00:00+00:00","side":"buy","price":76880.01062348192,"qty":0.0011824802074275988,"level_idx":6,"pnl_usd":0.0},{"timestamp":"2026-04-18T11:00:00+00:00","side":"buy","price":76018.43005376555,"qty":0.0011958822465130317,"level_idx":5,"pnl_usd":0.0},{"timestamp":"2026-04-19T07:00:00+00:00","side":"buy","price":75166.50506385583,"qty":0.0012094361821380593,"level_idx":4,"pnl_usd":0.0},{"timestamp":"2026-04-19T13:00:00+00:00","side":"sell","price":76018.43005376555,"qty":0.0012094361821380593,"level_idx":5,"pnl_usd":0.9384094674480559},{"timestamp":"2026-04-19T17:00:00+00:00","side":"buy","price":75166.50506385583,"qty":0.0012094361821380593,"level_idx":4,"pnl_usd":0.0},{"timestamp":"2026-04-19T22:00:00+00:00","side":"buy","price":74324.12744539171,"qty":0.0012231437358734508,"level_idx":3,"pnl_usd":0.0},{"timestamp":"2026-04-20T07:00:00+00:00","side":"sell","price":75166.50506385583,"qty":0.0012231437358734508,"level_idx":4,"pnl_usd":0.9384094674480132},{"timestamp":"2026-04-20T18:00:00+00:00","side":"sell","price":76018.43005376555,"qty":0.0012094361821380593,"level_idx":5,"pnl_usd":0.9384094674480559},{"timestamp":"2026-04-21T10:00:00+00:00","side":"sell","price":76880.01062348192,"qty":0.0011958822465130317,"level_idx":6,"pnl_usd":0.9384094674480417},{"timestamp":"2026-04-21T12:00:00+00:00","side":"buy","price":76018.43005376555,"qty":0.0011958822465130317,"level_idx":5,"pnl_usd":0.0},{"timestamp":"2026-04-21T17:00:00+00:00","side":"buy","price":75166.50506385583,"qty":0.0012094361821380593,"level_idx":4,"pnl_usd":0.0},{"timestamp":"2026-04-21T23:00:00+00:00","side":"sell","price":76018.43005376555,"qty":0.0012094361821380593,"level_idx":5,"pnl_usd":0.9384094674480559},{"timestamp":"2026-04-22T02:00:00+00:00","side":"sell","price":76880.01062348192,"qty":0.0011958822465130317,"level_idx":6,"pnl_usd":0.9384094674480417},{"timestamp":"2026-04-22T05:00:00+00:00","side":"sell","price":77751.3562077821,"qty":0.0011824802074275988,"level_idx":7,"pnl_usd":0.9384094674480417},{"timestamp":"2026-04-22T13:00:00+00:00","side":"sell","price":78632.57748175926,"qty":0.0011692283626043279,"level_idx":8,"pnl_usd":0.9384094674480559},{"timestamp":"2026-04-23T00:00:00+00:00","side":"buy","price":77751.3562077821,"qty":0.0011692283626043279,"level_idx":7,"pnl_usd":0.0},{"timestamp":"2026-04-23T15:00:00+00:00","side":"sell","price":78632.57748175926,"qty":0.0011692283626043279,"level_idx":8,"pnl_usd":0.9384094674480559},{"timestamp":"2026-04-23T17:00:00+00:00","side":"buy","price":77751.3562077821,"qty":0.0011692283626043279,"level_idx":7,"pnl_usd":0.0},{"timestamp":"2026-04-26T21:00:00+00:00","side":"sell","price":78632.57748175926,"qty":0.0011692283626043279,"level_idx":8,"pnl_usd":0.9384094674480559},{"timestamp":"2026-04-27T05:00:00+00:00","side":"buy","price":77751.3562077821,"qty":0.0011692283626043279,"level_idx":7,"pnl_usd":0.0},{"timestamp":"2026-04-27T05:00:00+00:00","side":"sell","price":78632.57748175926,"qty":0.0011692283626043279,"level_idx":8,"pnl_usd":0.9384094674480559},{"timestamp":"2026-04-27T06:00:00+00:00","side":"buy","price":77751.3562077821,"qty":0.0011692283626043279,"level_idx":7,"pnl_usd":0.0},{"timestamp":"2026-04-27T15:00:00+00:00","side":"buy","price":76880.01062348192,"qty":0.0011824802074275988,"level_idx":6,"pnl_usd":0.0},{"timestamp":"2026-04-27T15:00:00+00:00","side":"sell","price":77751.3562077821,"qty":0.0011824802074275988,"level_idx":7,"pnl_usd":0.9384094674480417},{"timestamp":"2026-04-27T16:00:00+00:00","side":"buy","price":76880.01062348192,"qty":0.0011824802074275988,"level_idx":6,"pnl_usd":0.0},{"timestamp":"2026-04-28T13:00:00+00:00","side":"buy","price":76018.43005376555,"qty":0.0011958822465130317,"level_idx":5,"pnl_usd":0.0},{"timestamp":"2026-04-29T03:00:00+00:00","side":"sell","price":76880.01062348192,"qty":0.0011958822465130317,"level_idx":6,"pnl_usd":0.9384094674480417},{"timestamp":"2026-04-29T09:00:00+00:00","side":"sell","price":77751.3562077821,"qty":0.0011824802074275988,"level_idx":7,"pnl_usd":0.9384094674480417},{"timestamp":"2026-04-29T13:00:00+00:00","side":"buy","price":76880.01062348192,"qty":0.0011824802074275988,"level_idx":6,"pnl_usd":0.0},{"timestamp":"2026-04-29T15:00:00+00:00","side":"buy","price":76018.43005376555,"qty":0.0011958822465130317,"level_idx":5,"pnl_usd":0.0},{"timestamp":"2026-04-29T18:00:00+00:00","side":"buy","price":75166.50506385583,"qty":0.0012094361821380593,"level_idx":4,"pnl_usd":0.0},{"timestamp":"2026-04-29T18:00:00+00:00","side":"sell","price":76018.43005376555,"qty":0.0012094361821380593,"level_idx":5,"pnl_usd":0.9384094674480559},{"timestamp":"2026-05-01T03:00:00+00:00","side":"sell","price":76880.01062348192,"qty":0.0011958822465130317,"level_idx":6,"pnl_usd":0.9384094674480417},{"timestamp":"2026-05-01T12:00:00+00:00","side":"sell","price":77751.3562077821,"qty":0.0011824802074275988,"level_idx":7,"pnl_usd":0.9384094674480417},{"timestamp":"2026-05-01T13:00:00+00:00","side":"sell","price":78632.57748175926,"qty":0.0011692283626043279,"level_idx":8,"pnl_usd":0.9384094674480559},{"timestamp":"2026-05-01T20:00:00+00:00","side":"buy","price":77751.3562077821,"qty":0.0011692283626043279,"level_idx":7,"pnl_usd":0.0},{"timestamp":"2026-05-02T21:00:00+00:00","side":"sell","price":78632.57748175926,"qty":0.0011692283626043279,"level_idx":8,"pnl_usd":0.9384094674480559},{"timestamp":"2026-05-04T01:00:00+00:00","side":"sell","price":79523.7863748801,"qty":0.0011561250288429053,"level_idx":9,"pnl_usd":0.9384094674480417},{"timestamp":"2026-05-04T04:00:00+00:00","side":"sell","price":80425.09608520183,"qty":0.0011431685418063441,"level_idx":10,"pnl_usd":0.9384094674480274},{"timestamp":"2026-05-04T06:00:00+00:00","side":"buy","price":79523.7863748801,"qty":0.0011431685418063441,"level_idx":9,"pnl_usd":0.0},{"timestamp":"2026-05-04T10:00:00+00:00","side":"buy","price":78632.57748175926,"qty":0.0011561250288429053,"level_idx":8,"pnl_usd":0.0},{"timestamp":"2026-05-04T10:00:00+00:00","side":"sell","price":79523.7863748801,"qty":0.0011561250288429053,"level_idx":9,"pnl_usd":0.9384094674480417},{"timestamp":"2026-05-04T13:00:00+00:00","side":"buy","price":78632.57748175926,"qty":0.0011561250288429053,"level_idx":8,"pnl_usd":0.0},{"timestamp":"2026-05-04T14:00:00+00:00","side":"sell","price":80425.09608520183,"qty":0.0011431685418063441,"level_idx":10,"pnl_usd":0.9384094674480274},{"timestamp":"2026-05-04T14:00:00+00:00","side":"sell","price":79523.7863748801,"qty":0.0011561250288429053,"level_idx":9,"pnl_usd":0.9384094674480417},{"timestamp":"2026-05-04T15:00:00+00:00","side":"buy","price":79523.7863748801,"qty":0.0011431685418063441,"level_idx":9,"pnl_usd":0.0},{"timestamp":"2026-05-04T17:00:00+00:00","side":"sell","price":80425.09608520183,"qty":0.0011431685418063441,"level_idx":10,"pnl_usd":0.9384094674480274},{"timestamp":"2026-05-06T01:00:00+00:00","side":"sell","price":81336.62109375007,"qty":0.0011303572558095845,"level_idx":11,"pnl_usd":0.9384094674480417}],"round_trips":43,"total_pnl_usd":40.35,"total_fees_usd":7.86,"realized_return_pct":0.0404,"unrealized_pnl_usd":0,"unrealized_holdings":0.0,"avg_holding_price":0.0,"final_price":80906.27,"max_drawdown_pct":-0.0676,"open_buy_levels":[0,1,2,3,4,5,6,7,8,9,10],"equity_curve":[{"timestamp":"2026-04-08T00:00:00+00:00","equity":943.47},{"timestamp":"2026-04-08T01:00:00+00:00","equity":940.61},{"timestamp":"2026-04-08T02:00:00+00:00","equity":938.84},{"timestamp":"2026-04-08T03:00:00+00:00","equity":938.35},{"timestamp":"2026-04-08T04:00:00+00:00","equity":942.32},{"timestamp":"2026-04-08T05:00:00+00:00","equity":944.03},{"timestamp":"2026-04-08T06:00:00+00:00","equity":944.06},{"timestamp":"2026-04-08T07:00:00+00:00","equity":942.59},{"timestamp":"2026-04-08T08:00:00+00:00","equity":944.57},{"timestamp":"2026-04-08T09:00:00+00:00","equity":943.63},{"timestamp":"2026-04-08T10:00:00+00:00","equity":941.04},{"timestamp":"2026-04-08T11:00:00+00:00","equity":943.34},{"timestamp":"2026-04-08T12:00:00+00:00","equity":948.78},{"timestamp":"2026-04-08T13:00:00+00:00","equity":942.83},{"timestamp":"2026-04-08T14:00:00+00:00","equity":933.39},{"timestamp":"2026-04-08T15:00:00+00:00","equity":939.48},{"timestamp":"2026-04-08T16:00:00+00:00","equity":943.67},{"timestamp":"2026-04-08T17:00:00+00:00","equity":947.49},{"timestamp":"2026-04-08T18:00:00+00:00","equity":937.18},{"timestamp":"2026-04-08T19:00:00+00:00","equity":939.48},{"timestamp":"2026-04-08T20:00:00+00:00","equity":940.24},{"timestamp":"2026-04-08T21:00:00+00:00","equity":942.34},{"timestamp":"2026-04-08T22:00:00+00:00","equity":936.68},{"timestamp":"2026-04-08T23:00:00+00:00","equity":937.03},{"timestamp":"2026-04-09T00:00:00+00:00","equity":933.34},{"timestamp":"2026-04-09T01:00:00+00:00","equity":934.41},{"timestamp":"2026-04-09T02:00:00+00:00","equity":936.43},{"timestamp":"2026-04-09T03:00:00+00:00","equity":935.25},{"timestamp":"2026-04-09T04:00:00+00:00","equity":932.44},{"timestamp":"2026-04-09T05:00:00+00:00","equity":935.16},{"timestamp":"2026-04-09T06:00:00+00:00","equity":935.64},{"timestamp":"2026-04-09T07:00:00+00:00","equity":935.04},{"timestamp":"2026-04-09T08:00:00+00:00","equity":938.75},{"timestamp":"2026-04-09T09:00:00+00:00","equity":942.16},{"timestamp":"2026-04-09T10:00:00+00:00","equity":939.37},{"timestamp":"2026-04-09T11:00:00+00:00","equity":937.58},{"timestamp":"2026-04-09T12:00:00+00:00","equity":939.07},{"timestamp":"2026-04-09T13:00:00+00:00","equity":933.05},{"timestamp":"2026-04-09T14:00:00+00:00","equity":937.04},{"timestamp":"2026-04-09T15:00:00+00:00","equity":950.04},{"timestamp":"2026-04-09T16:00:00+00:00","equity":948.94},{"timestamp":"2026-04-09T17:00:00+00:00","equity":952.58},{"timestamp":"2026-04-09T18:00:00+00:00","equity":947.18},{"timestamp":"2026-04-09T19:00:00+00:00","equity":949.87},{"timestamp":"2026-04-09T20:00:00+00:00","equity":953.82},{"timestamp":"2026-04-09T21:00:00+00:00","equity":952.06},{"timestamp":"2026-04-09T22:00:00+00:00","equity":949.92},{"timestamp":"2026-04-09T23:00:00+00:00","equity":946.65},{"timestamp":"2026-04-10T00:00:00+00:00","equity":948.4},{"timestamp":"2026-04-10T01:00:00+00:00","equity":951.89},{"timestamp":"2026-04-10T02:00:00+00:00","equity":949.01},{"timestamp":"2026-04-10T03:00:00+00:00","equity":947.87},{"timestamp":"2026-04-10T04:00:00+00:00","equity":950.61},{"timestamp":"2026-04-10T05:00:00+00:00","equity":951.08},{"timestamp":"2026-04-10T06:00:00+00:00","equity":947.23},{"timestamp":"2026-04-10T07:00:00+00:00","equity":942.7},{"timestamp":"2026-04-10T08:00:00+00:00","equity":944.38},{"timestamp":"2026-04-10T09:00:00+00:00","equity":946.94},{"timestamp":"2026-04-10T10:00:00+00:00","equity":948.66},{"timestamp":"2026-04-10T11:00:00+00:00","equity":951.21},{"timestamp":"2026-04-10T12:00:00+00:00","equity":953.04},{"timestamp":"2026-04-10T13:00:00+00:00","equity":954.27},{"timestamp":"2026-04-10T14:00:00+00:00","equity":961.1},{"timestamp":"2026-04-10T15:00:00+00:00","equity":955.17},{"timestamp":"2026-04-10T16:00:00+00:00","equity":962.68},{"timestamp":"2026-04-10T17:00:00+00:00","equity":963.47},{"timestamp":"2026-04-10T18:00:00+00:00","equity":963.62},{"timestamp":"2026-04-10T19:00:00+00:00","equity":965.06},{"timestamp":"2026-04-10T20:00:00+00:00","equity":966.75},{"timestamp":"2026-04-10T21:00:00+00:00","equity":964.69},{"timestamp":"2026-04-10T22:00:00+00:00","equity":961.31},{"timestamp":"2026-04-10T23:00:00+00:00","equity":961.98},{"timestamp":"2026-04-11T00:00:00+00:00","equity":960.38},{"timestamp":"2026-04-11T01:00:00+00:00","equity":961.74},{"timestamp":"2026-04-11T02:00:00+00:00","equity":962.08},{"timestamp":"2026-04-11T03:00:00+00:00","equity":960.69},{"timestamp":"2026-04-11T04:00:00+00:00","equity":960.18},{"timestamp":"2026-04-11T05:00:00+00:00","equity":959.4},{"timestamp":"2026-04-11T06:00:00+00:00","equity":959.9},{"timestamp":"2026-04-11T07:00:00+00:00","equity":959.15},{"timestamp":"2026-04-11T08:00:00+00:00","equity":958.89},{"timestamp":"2026-04-11T09:00:00+00:00","equity":961.24},{"timestamp":"2026-04-11T10:00:00+00:00","equity":960.66},{"timestamp":"2026-04-11T11:00:00+00:00","equity":961.38},{"timestamp":"2026-04-11T12:00:00+00:00","equity":961.88},{"timestamp":"2026-04-11T13:00:00+00:00","equity":958.72},{"timestamp":"2026-04-11T14:00:00+00:00","equity":959.24},{"timestamp":"2026-04-11T15:00:00+00:00","equity":960.85},{"timestamp":"2026-04-11T16:00:00+00:00","equity":963.49},{"timestamp":"2026-04-11T17:00:00+00:00","equity":963.42},{"timestamp":"2026-04-11T18:00:00+00:00","equity":968.59},{"timestamp":"2026-04-11T19:00:00+00:00","equity":970.07},{"timestamp":"2026-04-11T20:00:00+00:00","equity":966.32},{"timestamp":"2026-04-11T21:00:00+00:00","equity":967.87},{"timestamp":"2026-04-11T22:00:00+00:00","equity":966.92},{"timestamp":"2026-04-11T23:00:00+00:00","equity":963.39},{"timestamp":"2026-04-12T00:00:00+00:00","equity":963.31},{"timestamp":"2026-04-12T01:00:00+00:00","equity":947.6},{"timestamp":"2026-04-12T02:00:00+00:00","equity":949.94},{"timestamp":"2026-04-12T03:00:00+00:00","equity":947.96},{"timestamp":"2026-04-12T04:00:00+00:00","equity":945.72},{"timestamp":"2026-04-12T05:00:00+00:00","equity":949.02},{"timestamp":"2026-04-12T06:00:00+00:00","equity":948.16},{"timestamp":"2026-04-12T07:00:00+00:00","equity":949.11},{"timestamp":"2026-04-12T08:00:00+00:00","equity":947.69},{"timestamp":"2026-04-12T09:00:00+00:00","equity":946.66},{"timestamp":"2026-04-12T10:00:00+00:00","equity":945.3},{"timestamp":"2026-04-12T11:00:00+00:00","equity":945.78},{"timestamp":"2026-04-12T12:00:00+00:00","equity":941.36},{"timestamp":"2026-04-12T13:00:00+00:00","equity":938.55},{"timestamp":"2026-04-12T14:00:00+00:00","equity":936.73},{"timestamp":"2026-04-12T15:00:00+00:00","equity":938.04},{"timestamp":"2026-04-12T16:00:00+00:00","equity":937.99},{"timestamp":"2026-04-12T17:00:00+00:00","equity":941.15},{"timestamp":"2026-04-12T18:00:00+00:00","equity":941.39},{"timestamp":"2026-04-12T19:00:00+00:00","equity":940.78},{"timestamp":"2026-04-12T20:00:00+00:00","equity":944.0},{"timestamp":"2026-04-12T21:00:00+00:00","equity":943.01},{"timestamp":"2026-04-12T22:00:00+00:00","equity":937.98},{"timestamp":"2026-04-12T23:00:00+00:00","equity":936.08},{"timestamp":"2026-04-13T00:00:00+00:00","equity":941.37},{"timestamp":"2026-04-13T01:00:00+00:00","equity":942.18},{"timestamp":"2026-04-13T02:00:00+00:00","equity":940.33},{"timestamp":"2026-04-13T03:00:00+00:00","equity":939.13},{"timestamp":"2026-04-13T04:00:00+00:00","equity":938.39},{"timestamp":"2026-04-13T05:00:00+00:00","equity":937.39},{"timestamp":"2026-04-13T06:00:00+00:00","equity":940.12},{"timestamp":"2026-04-13T07:00:00+00:00","equity":937.05},{"timestamp":"2026-04-13T08:00:00+00:00","equity":934.9},{"timestamp":"2026-04-13T09:00:00+00:00","equity":936.5},{"timestamp":"2026-04-13T10:00:00+00:00","equity":935.92},{"timestamp":"2026-04-13T11:00:00+00:00","equity":938.57},{"timestamp":"2026-04-13T12:00:00+00:00","equity":940.62},{"timestamp":"2026-04-13T13:00:00+00:00","equity":947.28},{"timestamp":"2026-04-13T14:00:00+00:00","equity":957.96},{"timestamp":"2026-04-13T15:00:00+00:00","equity":950.3},{"timestamp":"2026-04-13T16:00:00+00:00","equity":955.13},{"timestamp":"2026-04-13T17:00:00+00:00","equity":954.45},{"timestamp":"2026-04-13T18:00:00+00:00","equity":958.41},{"timestamp":"2026-04-13T19:00:00+00:00","equity":969.53},{"timestamp":"2026-04-13T20:00:00+00:00","equity":967.51},{"timestamp":"2026-04-13T21:00:00+00:00","equity":967.81},{"timestamp":"2026-04-13T22:00:00+00:00","equity":982.59},{"timestamp":"2026-04-13T23:00:00+00:00","equity":981.57},{"timestamp":"2026-04-14T00:00:00+00:00","equity":978.09},{"timestamp":"2026-04-14T01:00:00+00:00","equity":980.13},{"timestamp":"2026-04-14T02:00:00+00:00","equity":980.08},{"timestamp":"2026-04-14T03:00:00+00:00","equity":980.84},{"timestamp":"2026-04-14T04:00:00+00:00","equity":980.3},{"timestamp":"2026-04-14T05:00:00+00:00","equity":978.54},{"timestamp":"2026-04-14T06:00:00+00:00","equity":981.89},{"timestamp":"2026-04-14T07:00:00+00:00","equity":981.71},{"timestamp":"2026-04-14T08:00:00+00:00","equity":983.86},{"timestamp":"2026-04-14T09:00:00+00:00","equity":981.62},{"timestamp":"2026-04-14T10:00:00+00:00","equity":980.55},{"timestamp":"2026-04-14T11:00:00+00:00","equity":980.85},{"timestamp":"2026-04-14T12:00:00+00:00","equity":980.87},{"timestamp":"2026-04-14T13:00:00+00:00","equity":990.1},{"timestamp":"2026-04-14T14:00:00+00:00","equity":987.56},{"timestamp":"2026-04-14T15:00:00+00:00","equity":989.42},{"timestamp":"2026-04-14T16:00:00+00:00","equity":982.53},{"timestamp":"2026-04-14T17:00:00+00:00","equity":984.17},{"timestamp":"2026-04-14T18:00:00+00:00","equity":978.41},{"timestamp":"2026-04-14T19:00:00+00:00","equity":980.0},{"timestamp":"2026-04-14T20:00:00+00:00","equity":977.99},{"timestamp":"2026-04-14T21:00:00+00:00","equity":980.47},{"timestamp":"2026-04-14T22:00:00+00:00","equity":978.13},{"timestamp":"2026-04-14T23:00:00+00:00","equity":979.24},{"timestamp":"2026-04-15T00:00:00+00:00","equity":983.13},{"timestamp":"2026-04-15T01:00:00+00:00","equity":983.61},{"timestamp":"2026-04-15T02:00:00+00:00","equity":980.89},{"timestamp":"2026-04-15T03:00:00+00:00","equity":981.04},{"timestamp":"2026-04-15T04:00:00+00:00","equity":980.83},{"timestamp":"2026-04-15T05:00:00+00:00","equity":978.02},{"timestamp":"2026-04-15T06:00:00+00:00","equity":976.96},{"timestamp":"2026-04-15T07:00:00+00:00","equity":975.35},{"timestamp":"2026-04-15T08:00:00+00:00","equity":978.82},{"timestamp":"2026-04-15T09:00:00+00:00","equity":977.86},{"timestamp":"2026-04-15T10:00:00+00:00","equity":976.47},{"timestamp":"2026-04-15T11:00:00+00:00","equity":979.69},{"timestamp":"2026-04-15T12:00:00+00:00","equity":980.35},{"timestamp":"2026-04-15T13:00:00+00:00","equity":978.17},{"timestamp":"2026-04-15T14:00:00+00:00","equity":979.04},{"timestamp":"2026-04-15T15:00:00+00:00","equity":976.26},{"timestamp":"2026-04-15T16:00:00+00:00","equity":977.09},{"timestamp":"2026-04-15T17:00:00+00:00","equity":978.96},{"timestamp":"2026-04-15T18:00:00+00:00","equity":981.4},{"timestamp":"2026-04-15T19:00:00+00:00","equity":987.56},{"timestamp":"2026-04-15T20:00:00+00:00","equity":985.97},{"timestamp":"2026-04-15T21:00:00+00:00","equity":985.1},{"timestamp":"2026-04-15T22:00:00+00:00","equity":986.89},{"timestamp":"2026-04-15T23:00:00+00:00","equity":985.68},{"timestamp":"2026-04-16T00:00:00+00:00","equity":985.55},{"timestamp":"2026-04-16T01:00:00+00:00","equity":984.42},{"timestamp":"2026-04-16T02:00:00+00:00","equity":986.22},{"timestamp":"2026-04-16T03:00:00+00:00","equity":986.24},{"timestamp":"2026-04-16T04:00:00+00:00","equity":986.73},{"timestamp":"2026-04-16T05:00:00+00:00","equity":987.5},{"timestamp":"2026-04-16T06:00:00+00:00","equity":987.42},{"timestamp":"2026-04-16T07:00:00+00:00","equity":984.74},{"timestamp":"2026-04-16T08:00:00+00:00","equity":984.55},{"timestamp":"2026-04-16T09:00:00+00:00","equity":983.85},{"timestamp":"2026-04-16T10:00:00+00:00","equity":981.49},{"timestamp":"2026-04-16T11:00:00+00:00","equity":984.02},{"timestamp":"2026-04-16T12:00:00+00:00","equity":984.44},{"timestamp":"2026-04-16T13:00:00+00:00","equity":977.42},{"timestamp":"2026-04-16T14:00:00+00:00","equity":979.72},{"timestamp":"2026-04-16T15:00:00+00:00","equity":987.09},{"timestamp":"2026-04-16T16:00:00+00:00","equity":982.07},{"timestamp":"2026-04-16T17:00:00+00:00","equity":983.57},{"timestamp":"2026-04-16T18:00:00+00:00","equity":990.24},{"timestamp":"2026-04-16T19:00:00+00:00","equity":992.88},{"timestamp":"2026-04-16T20:00:00+00:00","equity":991.85},{"timestamp":"2026-04-16T21:00:00+00:00","equity":989.48},{"timestamp":"2026-04-16T22:00:00+00:00","equity":988.92},{"timestamp":"2026-04-16T23:00:00+00:00","equity":991.17},{"timestamp":"2026-04-17T00:00:00+00:00","equity":989.48},{"timestamp":"2026-04-17T01:00:00+00:00","equity":987.9},{"timestamp":"2026-04-17T02:00:00+00:00","equity":987.61},{"timestamp":"2026-04-17T03:00:00+00:00","equity":986.83},{"timestamp":"2026-04-17T04:00:00+00:00","equity":988.28},{"timestamp":"2026-04-17T05:00:00+00:00","equity":987.02},{"timestamp":"2026-04-17T06:00:00+00:00","equity":989.54},{"timestamp":"2026-04-17T07:00:00+00:00","equity":990.54},{"timestamp":"2026-04-17T08:00:00+00:00","equity":996.28},{"timestamp":"2026-04-17T09:00:00+00:00","equity":996.64},{"timestamp":"2026-04-17T10:00:00+00:00","equity":993.26},{"timestamp":"2026-04-17T11:00:00+00:00","equity":995.87},{"timestamp":"2026-04-17T12:00:00+00:00","equity":1000.96},{"timestamp":"2026-04-17T13:00:00+00:00","equity":1007.87},{"timestamp":"2026-04-17T14:00:00+00:00","equity":1010.93},{"timestamp":"2026-04-17T15:00:00+00:00","equity":1010.29},{"timestamp":"2026-04-17T16:00:00+00:00","equity":1010.6},{"timestamp":"2026-04-17T17:00:00+00:00","equity":1009.04},{"timestamp":"2026-04-17T18:00:00+00:00","equity":1007.35},{"timestamp":"2026-04-17T19:00:00+00:00","equity":1008.8},{"timestamp":"2026-04-17T20:00:00+00:00","equity":1008.18},{"timestamp":"2026-04-17T21:00:00+00:00","equity":1008.61},{"timestamp":"2026-04-17T22:00:00+00:00","equity":1007.99},{"timestamp":"2026-04-17T23:00:00+00:00","equity":1006.88},{"timestamp":"2026-04-18T00:00:00+00:00","equity":1007.33},{"timestamp":"2026-04-18T01:00:00+00:00","equity":1007.58},{"timestamp":"2026-04-18T02:00:00+00:00","equity":1007.91},{"timestamp":"2026-04-18T03:00:00+00:00","equity":1006.59},{"timestamp":"2026-04-18T04:00:00+00:00","equity":1007.11},{"timestamp":"2026-04-18T05:00:00+00:00","equity":1007.2},{"timestamp":"2026-04-18T06:00:00+00:00","equity":1007.17},{"timestamp":"2026-04-18T07:00:00+00:00","equity":1006.52},{"timestamp":"2026-04-18T08:00:00+00:00","equity":1005.18},{"timestamp":"2026-04-18T09:00:00+00:00","equity":1004.44},{"timestamp":"2026-04-18T10:00:00+00:00","equity":1002.08},{"timestamp":"2026-04-18T11:00:00+00:00","equity":1001.25},{"timestamp":"2026-04-18T12:00:00+00:00","equity":1002.44},{"timestamp":"2026-04-18T13:00:00+00:00","equity":1001.81},{"timestamp":"2026-04-18T14:00:00+00:00","equity":1002.73},{"timestamp":"2026-04-18T15:00:00+00:00","equity":1002.11},{"timestamp":"2026-04-18T16:00:00+00:00","equity":1000.55},{"timestamp":"2026-04-18T17:00:00+00:00","equity":999.74},{"timestamp":"2026-04-18T18:00:00+00:00","equity":998.48},{"timestamp":"2026-04-18T19:00:00+00:00","equity":998.55},{"timestamp":"2026-04-18T20:00:00+00:00","equity":999.27},{"timestamp":"2026-04-18T21:00:00+00:00","equity":999.75},{"timestamp":"2026-04-18T22:00:00+00:00","equity":999.71},{"timestamp":"2026-04-18T23:00:00+00:00","equity":998.93},{"timestamp":"2026-04-19T00:00:00+00:00","equity":998.73},{"timestamp":"2026-04-19T01:00:00+00:00","equity":998.34},{"timestamp":"2026-04-19T02:00:00+00:00","equity":997.49},{"timestamp":"2026-04-19T03:00:00+00:00","equity":997.6},{"timestamp":"2026-04-19T04:00:00+00:00","equity":998.68},{"timestamp":"2026-04-19T05:00:00+00:00","equity":997.84},{"timestamp":"2026-04-19T06:00:00+00:00","equity":996.79},{"timestamp":"2026-04-19T07:00:00+00:00","equity":995.97},{"timestamp":"2026-04-19T08:00:00+00:00","equity":996.04},{"timestamp":"2026-04-19T09:00:00+00:00","equity":994.04},{"timestamp":"2026-04-19T10:00:00+00:00","equity":995.6},{"timestamp":"2026-04-19T11:00:00+00:00","equity":998.79},{"timestamp":"2026-04-19T12:00:00+00:00","equity":998.6},{"timestamp":"2026-04-19T13:00:00+00:00","equity":1001.41},{"timestamp":"2026-04-19T14:00:00+00:00","equity":1002.16},{"timestamp":"2026-04-19T15:00:00+00:00","equity":1000.9},{"timestamp":"2026-04-19T16:00:00+00:00","equity":997.63},{"timestamp":"2026-04-19T17:00:00+00:00","equity":992.9},{"timestamp":"2026-04-19T18:00:00+00:00","equity":992.95},{"timestamp":"2026-04-19T19:00:00+00:00","equity":994.41},{"timestamp":"2026-04-19T20:00:00+00:00","equity":991.76},{"timestamp":"2026-04-19T21:00:00+00:00","equity":990.12},{"timestamp":"2026-04-19T22:00:00+00:00","equity":986.64},{"timestamp":"2026-04-19T23:00:00+00:00","equity":984.25},{"timestamp":"2026-04-20T00:00:00+00:00","equity":988.94},{"timestamp":"2026-04-20T01:00:00+00:00","equity":991.79},{"timestamp":"2026-04-20T02:00:00+00:00","equity":990.12},{"timestamp":"2026-04-20T03:00:00+00:00","equity":992.23},{"timestamp":"2026-04-20T04:00:00+00:00","equity":991.5},{"timestamp":"2026-04-20T05:00:00+00:00","equity":988.75},{"timestamp":"2026-04-20T06:00:00+00:00","equity":993.66},{"timestamp":"2026-04-20T07:00:00+00:00","equity":994.3},{"timestamp":"2026-04-20T08:00:00+00:00","equity":993.52},{"timestamp":"2026-04-20T09:00:00+00:00","equity":996.29},{"timestamp":"2026-04-20T10:00:00+00:00","equity":996.03},{"timestamp":"2026-04-20T11:00:00+00:00","equity":997.3},{"timestamp":"2026-04-20T12:00:00+00:00","equity":998.16},{"timestamp":"2026-04-20T13:00:00+00:00","equity":998.0},{"timestamp":"2026-04-20T14:00:00+00:00","equity":995.78},{"timestamp":"2026-04-20T15:00:00+00:00","equity":1001.58},{"timestamp":"2026-04-20T16:00:00+00:00","equity":998.47},{"timestamp":"2026-04-20T17:00:00+00:00","equity":1003.14},{"timestamp":"2026-04-20T18:00:00+00:00","equity":1006.72},{"timestamp":"2026-04-20T19:00:00+00:00","equity":1005.83},{"timestamp":"2026-04-20T20:00:00+00:00","equity":1005.8},{"timestamp":"2026-04-20T21:00:00+00:00","equity":1003.5},{"timestamp":"2026-04-20T22:00:00+00:00","equity":1003.62},{"timestamp":"2026-04-20T23:00:00+00:00","equity":1002.64},{"timestamp":"2026-04-21T00:00:00+00:00","equity":1004.47},{"timestamp":"2026-04-21T01:00:00+00:00","equity":1003.27},{"timestamp":"2026-04-21T02:00:00+00:00","equity":1000.89},{"timestamp":"2026-04-21T03:00:00+00:00","equity":1001.77},{"timestamp":"2026-04-21T04:00:00+00:00","equity":1002.47},{"timestamp":"2026-04-21T05:00:00+00:00","equity":1002.44},{"timestamp":"2026-04-21T06:00:00+00:00","equity":1003.6},{"timestamp":"2026-04-21T07:00:00+00:00","equity":1004.41},{"timestamp":"2026-04-21T08:00:00+00:00","equity":1007.39},{"timestamp":"2026-04-21T09:00:00+00:00","equity":1006.29},{"timestamp":"2026-04-21T10:00:00+00:00","equity":1009.03},{"timestamp":"2026-04-21T11:00:00+00:00","equity":1007.31},{"timestamp":"2026-04-21T12:00:00+00:00","equity":1004.8},{"timestamp":"2026-04-21T13:00:00+00:00","equity":1003.96},{"timestamp":"2026-04-21T14:00:00+00:00","equity":1002.3},{"timestamp":"2026-04-21T15:00:00+00:00","equity":1003.48},{"timestamp":"2026-04-21T16:00:00+00:00","equity":1003.13},{"timestamp":"2026-04-21T17:00:00+00:00","equity":1001.99},{"timestamp":"2026-04-21T18:00:00+00:00","equity":1002.44},{"timestamp":"2026-04-21T19:00:00+00:00","equity":997.51},{"timestamp":"2026-04-21T20:00:00+00:00","equity":1003.43},{"timestamp":"2026-04-21T21:00:00+00:00","equity":1001.97},{"timestamp":"2026-04-21T22:00:00+00:00","equity":1002.76},{"timestamp":"2026-04-21T23:00:00+00:00","equity":1007.88},{"timestamp":"2026-04-22T00:00:00+00:00","equity":1008.12},{"timestamp":"2026-04-22T01:00:00+00:00","equity":1007.66},{"timestamp":"2026-04-22T02:00:00+00:00","equity":1015.82},{"timestamp":"2026-04-22T03:00:00+00:00","equity":1015.38},{"timestamp":"2026-04-22T04:00:00+00:00","equity":1015.3},{"timestamp":"2026-04-22T05:00:00+00:00","equity":1017.56},{"timestamp":"2026-04-22T06:00:00+00:00","equity":1017.71},{"timestamp":"2026-04-22T07:00:00+00:00","equity":1017.72},{"timestamp":"2026-04-22T08:00:00+00:00","equity":1017.73},{"timestamp":"2026-04-22T09:00:00+00:00","equity":1017.67},{"timestamp":"2026-04-22T10:00:00+00:00","equity":1018.41},{"timestamp":"2026-04-22T11:00:00+00:00","equity":1019.08},{"timestamp":"2026-04-22T12:00:00+00:00","equity":1018.81},{"timestamp":"2026-04-22T13:00:00+00:00","equity":1021.29},{"timestamp":"2026-04-22T14:00:00+00:00","equity":1021.95},{"timestamp":"2026-04-22T15:00:00+00:00","equity":1022.79},{"timestamp":"2026-04-22T16:00:00+00:00","equity":1020.92},{"timestamp":"2026-04-22T17:00:00+00:00","equity":1021.41},{"timestamp":"2026-04-22T18:00:00+00:00","equity":1021.89},{"timestamp":"2026-04-22T19:00:00+00:00","equity":1021.28},{"timestamp":"2026-04-22T20:00:00+00:00","equity":1019.82},{"timestamp":"2026-04-22T21:00:00+00:00","equity":1020.97},{"timestamp":"2026-04-22T22:00:00+00:00","equity":1020.45},{"timestamp":"2026-04-22T23:00:00+00:00","equity":1018.96},{"timestamp":"2026-04-23T00:00:00+00:00","equity":1020.6},{"timestamp":"2026-04-23T01:00:00+00:00","equity":1020.28},{"timestamp":"2026-04-23T02:00:00+00:00","equity":1018.39},{"timestamp":"2026-04-23T03:00:00+00:00","equity":1017.35},{"timestamp":"2026-04-23T04:00:00+00:00","equity":1018.25},{"timestamp":"2026-04-23T05:00:00+00:00","equity":1018.69},{"timestamp":"2026-04-23T06:00:00+00:00","equity":1019.64},{"timestamp":"2026-04-23T07:00:00+00:00","equity":1018.93},{"timestamp":"2026-04-23T08:00:00+00:00","equity":1017.97},{"timestamp":"2026-04-23T09:00:00+00:00","equity":1017.03},{"timestamp":"2026-04-23T10:00:00+00:00","equity":1015.9},{"timestamp":"2026-04-23T11:00:00+00:00","equity":1017.26},{"timestamp":"2026-04-23T12:00:00+00:00","equity":1018.1},{"timestamp":"2026-04-23T13:00:00+00:00","equity":1016.51},{"timestamp":"2026-04-23T14:00:00+00:00","equity":1019.53},{"timestamp":"2026-04-23T15:00:00+00:00","equity":1020.6},{"timestamp":"2026-04-23T16:00:00+00:00","equity":1019.68},{"timestamp":"2026-04-23T17:00:00+00:00","equity":1018.54},{"timestamp":"2026-04-23T18:00:00+00:00","equity":1018.27},{"timestamp":"2026-04-23T19:00:00+00:00","equity":1018.3},{"timestamp":"2026-04-23T20:00:00+00:00","equity":1019.04},{"timestamp":"2026-04-23T21:00:00+00:00","equity":1019.02},{"timestamp":"2026-04-23T22:00:00+00:00","equity":1020.66},{"timestamp":"2026-04-23T23:00:00+00:00","equity":1020.77},{"timestamp":"2026-04-24T00:00:00+00:00","equity":1021.53},{"timestamp":"2026-04-24T01:00:00+00:00","equity":1021.61},{"timestamp":"2026-04-24T02:00:00+00:00","equity":1020.18},{"timestamp":"2026-04-24T03:00:00+00:00","equity":1018.35},{"timestamp":"2026-04-24T04:00:00+00:00","equity":1018.02},{"timestamp":"2026-04-24T05:00:00+00:00","equity":1019.35},{"timestamp":"2026-04-24T06:00:00+00:00","equity":1018.62},{"timestamp":"2026-04-24T07:00:00+00:00","equity":1017.99},{"timestamp":"2026-04-24T08:00:00+00:00","equity":1018.6},{"timestamp":"2026-04-24T09:00:00+00:00","equity":1017.41},{"timestamp":"2026-04-24T10:00:00+00:00","equity":1018.4},{"timestamp":"2026-04-24T11:00:00+00:00","equity":1020.65},{"timestamp":"2026-04-24T12:00:00+00:00","equity":1020.85},{"timestamp":"2026-04-24T13:00:00+00:00","equity":1019.97},{"timestamp":"2026-04-24T14:00:00+00:00","equity":1019.82},{"timestamp":"2026-04-24T15:00:00+00:00","equity":1019.8},{"timestamp":"2026-04-24T16:00:00+00:00","equity":1018.57},{"timestamp":"2026-04-24T17:00:00+00:00","equity":1018.12},{"timestamp":"2026-04-24T18:00:00+00:00","equity":1017.81},{"timestamp":"2026-04-24T19:00:00+00:00","equity":1017.92},{"timestamp":"2026-04-24T20:00:00+00:00","equity":1018.32},{"timestamp":"2026-04-24T21:00:00+00:00","equity":1017.48},{"timestamp":"2026-04-24T22:00:00+00:00","equity":1016.54},{"timestamp":"2026-04-24T23:00:00+00:00","equity":1017.0},{"timestamp":"2026-04-25T00:00:00+00:00","equity":1017.1},{"timestamp":"2026-04-25T01:00:00+00:00","equity":1017.45},{"timestamp":"2026-04-25T02:00:00+00:00","equity":1017.8},{"timestamp":"2026-04-25T03:00:00+00:00","equity":1018.09},{"timestamp":"2026-04-25T04:00:00+00:00","equity":1017.82},{"timestamp":"2026-04-25T05:00:00+00:00","equity":1017.37},{"timestamp":"2026-04-25T06:00:00+00:00","equity":1017.3},{"timestamp":"2026-04-25T07:00:00+00:00","equity":1017.28},{"timestamp":"2026-04-25T08:00:00+00:00","equity":1017.97},{"timestamp":"2026-04-25T09:00:00+00:00","equity":1018.27},{"timestamp":"2026-04-25T10:00:00+00:00","equity":1018.6},{"timestamp":"2026-04-25T11:00:00+00:00","equity":1018.12},{"timestamp":"2026-04-25T12:00:00+00:00","equity":1017.52},{"timestamp":"2026-04-25T13:00:00+00:00","equity":1018.1},{"timestamp":"2026-04-25T14:00:00+00:00","equity":1018.0},{"timestamp":"2026-04-25T15:00:00+00:00","equity":1016.5},{"timestamp":"2026-04-25T16:00:00+00:00","equity":1016.84},{"timestamp":"2026-04-25T17:00:00+00:00","equity":1016.14},{"timestamp":"2026-04-25T18:00:00+00:00","equity":1016.31},{"timestamp":"2026-04-25T19:00:00+00:00","equity":1016.44},{"timestamp":"2026-04-25T20:00:00+00:00","equity":1017.16},{"timestamp":"2026-04-25T21:00:00+00:00","equity":1017.4},{"timestamp":"2026-04-25T22:00:00+00:00","equity":1017.53},{"timestamp":"2026-04-25T23:00:00+00:00","equity":1017.87},{"timestamp":"2026-04-26T00:00:00+00:00","equity":1017.27},{"timestamp":"2026-04-26T01:00:00+00:00","equity":1017.08},{"timestamp":"2026-04-26T02:00:00+00:00","equity":1017.39},{"timestamp":"2026-04-26T03:00:00+00:00","equity":1016.75},{"timestamp":"2026-04-26T04:00:00+00:00","equity":1018.51},{"timestamp":"2026-04-26T05:00:00+00:00","equity":1019.5},{"timestamp":"2026-04-26T06:00:00+00:00","equity":1019.56},{"timestamp":"2026-04-26T07:00:00+00:00","equity":1020.06},{"timestamp":"2026-04-26T08:00:00+00:00","equity":1019.7},{"timestamp":"2026-04-26T09:00:00+00:00","equity":1019.6},{"timestamp":"2026-04-26T10:00:00+00:00","equity":1019.59},{"timestamp":"2026-04-26T11:00:00+00:00","equity":1020.02},{"timestamp":"2026-04-26T12:00:00+00:00","equity":1018.79},{"timestamp":"2026-04-26T13:00:00+00:00","equity":1019.45},{"timestamp":"2026-04-26T14:00:00+00:00","equity":1019.97},{"timestamp":"2026-04-26T15:00:00+00:00","equity":1019.81},{"timestamp":"2026-04-26T16:00:00+00:00","equity":1019.26},{"timestamp":"2026-04-26T17:00:00+00:00","equity":1019.65},{"timestamp":"2026-04-26T18:00:00+00:00","equity":1020.86},{"timestamp":"2026-04-26T19:00:00+00:00","equity":1020.66},{"timestamp":"2026-04-26T20:00:00+00:00","equity":1020.53},{"timestamp":"2026-04-26T21:00:00+00:00","equity":1021.62},{"timestamp":"2026-04-26T22:00:00+00:00","equity":1021.29},{"timestamp":"2026-04-26T23:00:00+00:00","equity":1022.4},{"timestamp":"2026-04-27T00:00:00+00:00","equity":1024.46},{"timestamp":"2026-04-27T01:00:00+00:00","equity":1024.57},{"timestamp":"2026-04-27T02:00:00+00:00","equity":1024.07},{"timestamp":"2026-04-27T03:00:00+00:00","equity":1023.96},{"timestamp":"2026-04-27T04:00:00+00:00","equity":1023.35},{"timestamp":"2026-04-27T05:00:00+00:00","equity":1020.37},{"timestamp":"2026-04-27T06:00:00+00:00","equity":1020.02},{"timestamp":"2026-04-27T07:00:00+00:00","equity":1019.61},{"timestamp":"2026-04-27T08:00:00+00:00","equity":1020.49},{"timestamp":"2026-04-27T09:00:00+00:00","equity":1020.9},{"timestamp":"2026-04-27T10:00:00+00:00","equity":1020.7},{"timestamp":"2026-04-27T11:00:00+00:00","equity":1020.65},{"timestamp":"2026-04-27T12:00:00+00:00","equity":1019.84},{"timestamp":"2026-04-27T13:00:00+00:00","equity":1020.2},{"timestamp":"2026-04-27T14:00:00+00:00","equity":1020.47},{"timestamp":"2026-04-27T15:00:00+00:00","equity":1016.65},{"timestamp":"2026-04-27T16:00:00+00:00","equity":1015.61},{"timestamp":"2026-04-27T17:00:00+00:00","equity":1016.22},{"timestamp":"2026-04-27T18:00:00+00:00","equity":1016.76},{"timestamp":"2026-04-27T19:00:00+00:00","equity":1017.13},{"timestamp":"2026-04-27T20:00:00+00:00","equity":1017.58},{"timestamp":"2026-04-27T21:00:00+00:00","equity":1016.54},{"timestamp":"2026-04-27T22:00:00+00:00","equity":1018.13},{"timestamp":"2026-04-27T23:00:00+00:00","equity":1019.94},{"timestamp":"2026-04-28T00:00:00+00:00","equity":1020.04},{"timestamp":"2026-04-28T01:00:00+00:00","equity":1018.29},{"timestamp":"2026-04-28T02:00:00+00:00","equity":1017.19},{"timestamp":"2026-04-28T03:00:00+00:00","equity":1016.73},{"timestamp":"2026-04-28T04:00:00+00:00","equity":1017.17},{"timestamp":"2026-04-28T05:00:00+00:00","equity":1017.2},{"timestamp":"2026-04-28T06:00:00+00:00","equity":1016.12},{"timestamp":"2026-04-28T07:00:00+00:00","equity":1017.05},{"timestamp":"2026-04-28T08:00:00+00:00","equity":1017.01},{"timestamp":"2026-04-28T09:00:00+00:00","equity":1015.45},{"timestamp":"2026-04-28T10:00:00+00:00","equity":1015.58},{"timestamp":"2026-04-28T11:00:00+00:00","equity":1013.32},{"timestamp":"2026-04-28T12:00:00+00:00","equity":1014.29},{"timestamp":"2026-04-28T13:00:00+00:00","equity":1013.36},{"timestamp":"2026-04-28T14:00:00+00:00","equity":1011.61},{"timestamp":"2026-04-28T15:00:00+00:00","equity":1012.38},{"timestamp":"2026-04-28T16:00:00+00:00","equity":1012.79},{"timestamp":"2026-04-28T17:00:00+00:00","equity":1013.19},{"timestamp":"2026-04-28T18:00:00+00:00","equity":1013.57},{"timestamp":"2026-04-28T19:00:00+00:00","equity":1014.3},{"timestamp":"2026-04-28T20:00:00+00:00","equity":1015.25},{"timestamp":"2026-04-28T21:00:00+00:00","equity":1014.47},{"timestamp":"2026-04-28T22:00:00+00:00","equity":1013.63},{"timestamp":"2026-04-28T23:00:00+00:00","equity":1014.23},{"timestamp":"2026-04-29T00:00:00+00:00","equity":1015.53},{"timestamp":"2026-04-29T01:00:00+00:00","equity":1015.83},{"timestamp":"2026-04-29T02:00:00+00:00","equity":1015.58},{"timestamp":"2026-04-29T03:00:00+00:00","equity":1018.7},{"timestamp":"2026-04-29T04:00:00+00:00","equity":1020.28},{"timestamp":"2026-04-29T05:00:00+00:00","equity":1020.39},{"timestamp":"2026-04-29T06:00:00+00:00","equity":1018.78},{"timestamp":"2026-04-29T07:00:00+00:00","equity":1018.97},{"timestamp":"2026-04-29T08:00:00+00:00","equity":1018.94},{"timestamp":"2026-04-29T09:00:00+00:00","equity":1022.54},{"timestamp":"2026-04-29T10:00:00+00:00","equity":1022.41},{"timestamp":"2026-04-29T11:00:00+00:00","equity":1022.24},{"timestamp":"2026-04-29T12:00:00+00:00","equity":1020.13},{"timestamp":"2026-04-29T13:00:00+00:00","equity":1018.31},{"timestamp":"2026-04-29T14:00:00+00:00","equity":1017.08},{"timestamp":"2026-04-29T15:00:00+00:00","equity":1012.99},{"timestamp":"2026-04-29T16:00:00+00:00","equity":1012.28},{"timestamp":"2026-04-29T17:00:00+00:00","equity":1014.83},{"timestamp":"2026-04-29T18:00:00+00:00","equity":1011.24},{"timestamp":"2026-04-29T19:00:00+00:00","equity":1011.56},{"timestamp":"2026-04-29T20:00:00+00:00","equity":1012.38},{"timestamp":"2026-04-29T21:00:00+00:00","equity":1014.16},{"timestamp":"2026-04-29T22:00:00+00:00","equity":1014.12},{"timestamp":"2026-04-29T23:00:00+00:00","equity":1013.12},{"timestamp":"2026-04-30T00:00:00+00:00","equity":1016.47},{"timestamp":"2026-04-30T01:00:00+00:00","equity":1016.33},{"timestamp":"2026-04-30T02:00:00+00:00","equity":1012.56},{"timestamp":"2026-04-30T03:00:00+00:00","equity":1014.16},{"timestamp":"2026-04-30T04:00:00+00:00","equity":1011.05},{"timestamp":"2026-04-30T05:00:00+00:00","equity":1011.83},{"timestamp":"2026-04-30T06:00:00+00:00","equity":1012.93},{"timestamp":"2026-04-30T07:00:00+00:00","equity":1015.78},{"timestamp":"2026-04-30T08:00:00+00:00","equity":1015.09},{"timestamp":"2026-04-30T09:00:00+00:00","equity":1015.35},{"timestamp":"2026-04-30T10:00:00+00:00","equity":1014.81},{"timestamp":"2026-04-30T11:00:00+00:00","equity":1015.07},{"timestamp":"2026-04-30T12:00:00+00:00","equity":1016.79},{"timestamp":"2026-04-30T13:00:00+00:00","equity":1017.51},{"timestamp":"2026-04-30T14:00:00+00:00","equity":1016.72},{"timestamp":"2026-04-30T15:00:00+00:00","equity":1017.91},{"timestamp":"2026-04-30T16:00:00+00:00","equity":1016.38},{"timestamp":"2026-04-30T17:00:00+00:00","equity":1016.31},{"timestamp":"2026-04-30T18:00:00+00:00","equity":1017.05},{"timestamp":"2026-04-30T19:00:00+00:00","equity":1017.51},{"timestamp":"2026-04-30T20:00:00+00:00","equity":1018.06},{"timestamp":"2026-04-30T21:00:00+00:00","equity":1016.3},{"timestamp":"2026-04-30T22:00:00+00:00","equity":1016.28},{"timestamp":"2026-04-30T23:00:00+00:00","equity":1016.97},{"timestamp":"2026-05-01T00:00:00+00:00","equity":1017.8},{"timestamp":"2026-05-01T01:00:00+00:00","equity":1019.39},{"timestamp":"2026-05-01T02:00:00+00:00","equity":1018.8},{"timestamp":"2026-05-01T03:00:00+00:00","equity":1022.12},{"timestamp":"2026-05-01T04:00:00+00:00","equity":1021.62},{"timestamp":"2026-05-01T05:00:00+00:00","equity":1022.4},{"timestamp":"2026-05-01T06:00:00+00:00","equity":1021.42},{"timestamp":"2026-05-01T07:00:00+00:00","equity":1022.21},{"timestamp":"2026-05-01T08:00:00+00:00","equity":1023.66},{"timestamp":"2026-05-01T09:00:00+00:00","equity":1023.12},{"timestamp":"2026-05-01T10:00:00+00:00","equity":1023.21},{"timestamp":"2026-05-01T11:00:00+00:00","equity":1024.2},{"timestamp":"2026-05-01T12:00:00+00:00","equity":1026.47},{"timestamp":"2026-05-01T13:00:00+00:00","equity":1030.24},{"timestamp":"2026-05-01T14:00:00+00:00","equity":1028.88},{"timestamp":"2026-05-01T15:00:00+00:00","equity":1029.16},{"timestamp":"2026-05-01T16:00:00+00:00","equity":1028.33},{"timestamp":"2026-05-01T17:00:00+00:00","equity":1029.52},{"timestamp":"2026-05-01T18:00:00+00:00","equity":1029.11},{"timestamp":"2026-05-01T19:00:00+00:00","equity":1028.91},{"timestamp":"2026-05-01T20:00:00+00:00","equity":1027.34},{"timestamp":"2026-05-01T21:00:00+00:00","equity":1028.87},{"timestamp":"2026-05-01T22:00:00+00:00","equity":1028.6},{"timestamp":"2026-05-01T23:00:00+00:00","equity":1029.0},{"timestamp":"2026-05-02T00:00:00+00:00","equity":1029.51},{"timestamp":"2026-05-02T01:00:00+00:00","equity":1029.49},{"timestamp":"2026-05-02T02:00:00+00:00","equity":1029.57},{"timestamp":"2026-05-02T03:00:00+00:00","equity":1029.8},{"timestamp":"2026-05-02T04:00:00+00:00","equity":1028.75},{"timestamp":"2026-05-02T05:00:00+00:00","equity":1028.75},{"timestamp":"2026-05-02T06:00:00+00:00","equity":1029.41},{"timestamp":"2026-05-02T07:00:00+00:00","equity":1028.93},{"timestamp":"2026-05-02T08:00:00+00:00","equity":1029.35},{"timestamp":"2026-05-02T09:00:00+00:00","equity":1029.3},{"timestamp":"2026-05-02T10:00:00+00:00","equity":1029.07},{"timestamp":"2026-05-02T11:00:00+00:00","equity":1028.6},{"timestamp":"2026-05-02T12:00:00+00:00","equity":1028.9},{"timestamp":"2026-05-02T13:00:00+00:00","equity":1029.6},{"timestamp":"2026-05-02T14:00:00+00:00","equity":1029.83},{"timestamp":"2026-05-02T15:00:00+00:00","equity":1030.14},{"timestamp":"2026-05-02T16:00:00+00:00","equity":1029.97},{"timestamp":"2026-05-02T17:00:00+00:00","equity":1029.73},{"timestamp":"2026-05-02T18:00:00+00:00","equity":1030.02},{"timestamp":"2026-05-02T19:00:00+00:00","equity":1030.15},{"timestamp":"2026-05-02T20:00:00+00:00","equity":1030.03},{"timestamp":"2026-05-02T21:00:00+00:00","equity":1031.05},{"timestamp":"2026-05-02T22:00:00+00:00","equity":1031.43},{"timestamp":"2026-05-02T23:00:00+00:00","equity":1030.91},{"timestamp":"2026-05-03T00:00:00+00:00","equity":1030.46},{"timestamp":"2026-05-03T01:00:00+00:00","equity":1029.43},{"timestamp":"2026-05-03T02:00:00+00:00","equity":1029.13},{"timestamp":"2026-05-03T03:00:00+00:00","equity":1029.24},{"timestamp":"2026-05-03T04:00:00+00:00","equity":1029.13},{"timestamp":"2026-05-03T05:00:00+00:00","equity":1029.39},{"timestamp":"2026-05-03T06:00:00+00:00","equity":1029.53},{"timestamp":"2026-05-03T07:00:00+00:00","equity":1029.79},{"timestamp":"2026-05-03T08:00:00+00:00","equity":1029.88},{"timestamp":"2026-05-03T09:00:00+00:00","equity":1030.39},{"timestamp":"2026-05-03T10:00:00+00:00","equity":1029.96},{"timestamp":"2026-05-03T11:00:00+00:00","equity":1030.82},{"timestamp":"2026-05-03T12:00:00+00:00","equity":1031.13},{"timestamp":"2026-05-03T13:00:00+00:00","equity":1030.83},{"timestamp":"2026-05-03T14:00:00+00:00","equity":1031.07},{"timestamp":"2026-05-03T15:00:00+00:00","equity":1030.82},{"timestamp":"2026-05-03T16:00:00+00:00","equity":1030.82},{"timestamp":"2026-05-03T17:00:00+00:00","equity":1031.04},{"timestamp":"2026-05-03T18:00:00+00:00","equity":1031.08},{"timestamp":"2026-05-03T19:00:00+00:00","equity":1031.15},{"timestamp":"2026-05-03T20:00:00+00:00","equity":1031.73},{"timestamp":"2026-05-03T21:00:00+00:00","equity":1031.39},{"timestamp":"2026-05-03T22:00:00+00:00","equity":1032.57},{"timestamp":"2026-05-03T23:00:00+00:00","equity":1030.48},{"timestamp":"2026-05-04T00:00:00+00:00","equity":1030.41},{"timestamp":"2026-05-04T01:00:00+00:00","equity":1034.23},{"timestamp":"2026-05-04T02:00:00+00:00","equity":1035.16},{"timestamp":"2026-05-04T03:00:00+00:00","equity":1035.51},{"timestamp":"2026-05-04T04:00:00+00:00","equity":1035.55},{"timestamp":"2026-05-04T05:00:00+00:00","equity":1035.19},{"timestamp":"2026-05-04T06:00:00+00:00","equity":1035.4},{"timestamp":"2026-05-04T07:00:00+00:00","equity":1035.01},{"timestamp":"2026-05-04T08:00:00+00:00","equity":1035.03},{"timestamp":"2026-05-04T09:00:00+00:00","equity":1035.3},{"timestamp":"2026-05-04T10:00:00+00:00","equity":1034.25},{"timestamp":"2026-05-04T11:00:00+00:00","equity":1033.89},{"timestamp":"2026-05-04T12:00:00+00:00","equity":1034.09},{"timestamp":"2026-05-04T13:00:00+00:00","equity":1034.04},{"timestamp":"2026-05-04T14:00:00+00:00","equity":1038.25},{"timestamp":"2026-05-04T15:00:00+00:00","equity":1038.61},{"timestamp":"2026-05-04T16:00:00+00:00","equity":1038.61},{"timestamp":"2026-05-04T17:00:00+00:00","equity":1039.37},{"timestamp":"2026-05-04T18:00:00+00:00","equity":1039.06},{"timestamp":"2026-05-04T19:00:00+00:00","equity":1038.99},{"timestamp":"2026-05-04T20:00:00+00:00","equity":1038.86},{"timestamp":"2026-05-04T21:00:00+00:00","equity":1039.23},{"timestamp":"2026-05-04T22:00:00+00:00","equity":1039.0},{"timestamp":"2026-05-04T23:00:00+00:00","equity":1038.75},{"timestamp":"2026-05-05T00:00:00+00:00","equity":1039.12},{"timestamp":"2026-05-05T01:00:00+00:00","equity":1039.32},{"timestamp":"2026-05-05T02:00:00+00:00","equity":1039.55},{"timestamp":"2026-05-05T03:00:00+00:00","equity":1039.93},{"timestamp":"2026-05-05T04:00:00+00:00","equity":1039.95},{"timestamp":"2026-05-05T05:00:00+00:00","equity":1040.02},{"timestamp":"2026-05-05T06:00:00+00:00","equity":1040.03},{"timestamp":"2026-05-05T07:00:00+00:00","equity":1039.92},{"timestamp":"2026-05-05T08:00:00+00:00","equity":1039.86},{"timestamp":"2026-05-05T09:00:00+00:00","equity":1039.59},{"timestamp":"2026-05-05T10:00:00+00:00","equity":1039.88},{"timestamp":"2026-05-05T11:00:00+00:00","equity":1039.99},{"timestamp":"2026-05-06T00:00:00+00:00","equity":1040.08},{"timestamp":"2026-05-06T01:00:00+00:00","equity":1040.35},{"timestamp":"2026-05-06T02:00:00+00:00","equity":1040.35},{"timestamp":"2026-05-06T03:00:00+00:00","equity":1040.35},{"timestamp":"2026-05-06T04:00:00+00:00","equity":1040.35},{"timestamp":"2026-05-06T05:00:00+00:00","equity":1040.35},{"timestamp":"2026-05-06T06:00:00+00:00","equity":1040.35},{"timestamp":"2026-05-06T07:00:00+00:00","equity":1040.35},{"timestamp":"2026-05-06T08:00:00+00:00","equity":1040.35},{"timestamp":"2026-05-06T09:00:00+00:00","equity":1040.35},{"timestamp":"2026-05-06T10:00:00+00:00","equity":1040.35},{"timestamp":"2026-05-06T11:00:00+00:00","equity":1040.35},{"timestamp":"2026-05-06T12:00:00+00:00","equity":1040.35},{"timestamp":"2026-05-06T13:00:00+00:00","equity":1040.35},{"timestamp":"2026-05-06T14:00:00+00:00","equity":1040.35},{"timestamp":"2026-05-06T15:00:00+00:00","equity":1040.35},{"timestamp":"2026-05-06T16:00:00+00:00","equity":1040.35},{"timestamp":"2026-05-06T17:00:00+00:00","equity":1040.35},{"timestamp":"2026-05-06T18:00:00+00:00","equity":1040.35},{"timestamp":"2026-05-06T19:00:00+00:00","equity":1040.35},{"timestamp":"2026-05-06T20:00:00+00:00","equity":1040.35},{"timestamp":"2026-05-06T21:00:00+00:00","equity":1040.35},{"timestamp":"2026-05-06T22:00:00+00:00","equity":1040.35},{"timestamp":"2026-05-06T23:00:00+00:00","equity":1040.35},{"timestamp":"2026-05-07T00:00:00+00:00","equity":1040.35},{"timestamp":"2026-05-07T01:00:00+00:00","equity":1040.35},{"timestamp":"2026-05-07T02:00:00+00:00","equity":1040.35},{"timestamp":"2026-05-07T03:00:00+00:00","equity":1040.35},{"timestamp":"2026-05-07T04:00:00+00:00","equity":1040.35},{"timestamp":"2026-05-07T05:00:00+00:00","equity":1040.35},{"timestamp":"2026-05-07T06:00:00+00:00","equity":1040.35},{"timestamp":"2026-05-07T07:00:00+00:00","equity":1040.35},{"timestamp":"2026-05-07T08:00:00+00:00","equity":1040.35},{"timestamp":"2026-05-07T09:00:00+00:00","equity":1040.35}],"bar_count":694,"bars":[{"timestamp":"2026-04-08T00:00:00+00:00","open":71926.15625,"high":72057.078125,"low":71556.203125,"close":71675.8984375,"volume":0.0},{"timestamp":"2026-04-08T01:00:00+00:00","open":71688.7890625,"high":71729.0,"low":71454.5234375,"close":71457.9453125,"volume":165175296.0},{"timestamp":"2026-04-08T02:00:00+00:00","open":71526.9296875,"high":71700.5625,"low":71270.1640625,"close":71323.6015625,"volume":903651328.0},{"timestamp":"2026-04-08T03:00:00+00:00","open":71361.90625,"high":71438.203125,"low":71273.4453125,"close":71286.484375,"volume":321753088.0},{"timestamp":"2026-04-08T04:00:00+00:00","open":71287.71875,"high":71631.9765625,"low":71286.9296875,"close":71588.4609375,"volume":491999232.0},{"timestamp":"2026-04-08T05:00:00+00:00","open":71566.6953125,"high":71793.8671875,"low":71550.8359375,"close":71718.125,"volume":623226880.0},{"timestamp":"2026-04-08T06:00:00+00:00","open":71714.875,"high":71911.2734375,"low":71597.65625,"close":71720.1875,"volume":66224128.0},{"timestamp":"2026-04-08T07:00:00+00:00","open":71712.5703125,"high":71882.296875,"low":71601.6328125,"close":71608.8203125,"volume":1684774912.0},{"timestamp":"2026-04-08T08:00:00+00:00","open":71628.890625,"high":71814.53125,"low":71628.890625,"close":71759.0546875,"volume":329363456.0},{"timestamp":"2026-04-08T09:00:00+00:00","open":71787.71875,"high":71932.7578125,"low":71592.203125,"close":71687.578125,"volume":0.0},{"timestamp":"2026-04-08T10:00:00+00:00","open":71672.5546875,"high":71714.15625,"low":71476.21875,"close":71491.28125,"volume":0.0},{"timestamp":"2026-04-08T11:00:00+00:00","open":71484.3203125,"high":71711.5390625,"low":71444.5625,"close":71665.8984375,"volume":102031360.0},{"timestamp":"2026-04-08T12:00:00+00:00","open":71671.8984375,"high":72078.859375,"low":71634.3203125,"close":72078.859375,"volume":316997632.0},{"timestamp":"2026-04-08T13:00:00+00:00","open":72072.5859375,"high":72739.1796875,"low":71523.8359375,"close":71523.8359375,"volume":2873823232.0},{"timestamp":"2026-04-08T14:00:00+00:00","open":71598.1171875,"high":71704.453125,"low":70754.125,"close":70838.4921875,"volume":940003328.0},{"timestamp":"2026-04-08T15:00:00+00:00","open":70868.1171875,"high":71326.078125,"low":70868.1171875,"close":71301.046875,"volume":307560448.0},{"timestamp":"2026-04-08T16:00:00+00:00","open":71314.5703125,"high":71637.2734375,"low":71272.5546875,"close":71619.1796875,"volume":137367552.0},{"timestamp":"2026-04-08T17:00:00+00:00","open":71600.4765625,"high":71937.984375,"low":71509.0546875,"close":71910.0546875,"volume":182030336.0},{"timestamp":"2026-04-08T18:00:00+00:00","open":71885.625,"high":71885.625,"low":71107.8828125,"close":71126.171875,"volume":246755328.0},{"timestamp":"2026-04-08T19:00:00+00:00","open":71090.7734375,"high":71353.8671875,"low":71078.375,"close":71301.3984375,"volume":0.0},{"timestamp":"2026-04-08T20:00:00+00:00","open":71319.5703125,"high":71480.0234375,"low":71289.65625,"close":71358.7421875,"volume":0.0},{"timestamp":"2026-04-08T21:00:00+00:00","open":71353.890625,"high":71721.1015625,"low":71339.625,"close":71518.7890625,"volume":0.0},{"timestamp":"2026-04-08T22:00:00+00:00","open":71546.6796875,"high":71546.6796875,"low":71088.3046875,"close":71088.3046875,"volume":0.0},{"timestamp":"2026-04-08T23:00:00+00:00","open":70972.7578125,"high":71164.3984375,"low":70923.90625,"close":71115.125,"volume":0.0},{"timestamp":"2026-04-09T00:00:00+00:00","open":71093.7578125,"high":71093.7578125,"low":70688.7890625,"close":70834.7734375,"volume":0.0},{"timestamp":"2026-04-09T01:00:00+00:00","open":70810.5703125,"high":70918.890625,"low":70538.5546875,"close":70916.1875,"volume":0.0},{"timestamp":"2026-04-09T02:00:00+00:00","open":70920.3984375,"high":71157.859375,"low":70820.84375,"close":71069.421875,"volume":0.0},{"timestamp":"2026-04-09T03:00:00+00:00","open":71037.4140625,"high":71085.8671875,"low":70885.703125,"close":70979.9140625,"volume":249393152.0},{"timestamp":"2026-04-09T04:00:00+00:00","open":70993.921875,"high":70993.921875,"low":70766.5390625,"close":70766.5390625,"volume":0.0},{"timestamp":"2026-04-09T05:00:00+00:00","open":70758.9765625,"high":71077.4921875,"low":70758.9765625,"close":70972.8203125,"volume":0.0},{"timestamp":"2026-04-09T06:00:00+00:00","open":70975.71875,"high":71069.796875,"low":70854.921875,"close":71009.359375,"volume":0.0},{"timestamp":"2026-04-09T07:00:00+00:00","open":71023.703125,"high":71076.234375,"low":70964.1015625,"close":70964.1015625,"volume":0.0},{"timestamp":"2026-04-09T08:00:00+00:00","open":70968.703125,"high":71333.6875,"low":70901.5625,"close":71245.546875,"volume":0.0},{"timestamp":"2026-04-09T09:00:00+00:00","open":71258.9921875,"high":71536.890625,"low":71120.1640625,"close":71505.09375,"volume":0.0},{"timestamp":"2026-04-09T10:00:00+00:00","open":71503.3359375,"high":71503.3359375,"low":71292.984375,"close":71292.984375,"volume":0.0},{"timestamp":"2026-04-09T11:00:00+00:00","open":71291.53125,"high":71321.0703125,"low":71080.546875,"close":71157.0078125,"volume":0.0},{"timestamp":"2026-04-09T12:00:00+00:00","open":71151.8515625,"high":71270.9375,"low":71059.296875,"close":71269.7109375,"volume":0.0},{"timestamp":"2026-04-09T13:00:00+00:00","open":71267.5859375,"high":71267.5859375,"low":70650.7890625,"close":70812.71875,"volume":0.0},{"timestamp":"2026-04-09T14:00:00+00:00","open":70796.671875,"high":71200.6640625,"low":70549.265625,"close":71116.171875,"volume":0.0},{"timestamp":"2026-04-09T15:00:00+00:00","open":71124.2421875,"high":72317.9921875,"low":70938.3984375,"close":72103.4296875,"volume":1492318208.0},{"timestamp":"2026-04-09T16:00:00+00:00","open":72303.1015625,"high":72345.6875,"low":71784.3515625,"close":72019.4765625,"volume":1328070656.0},{"timestamp":"2026-04-09T17:00:00+00:00","open":72262.65625,"high":72519.0859375,"low":72132.3828125,"close":72296.0078125,"volume":860540928.0},{"timestamp":"2026-04-09T18:00:00+00:00","open":72293.109375,"high":72293.109375,"low":71774.890625,"close":71886.0859375,"volume":0.0},{"timestamp":"2026-04-09T19:00:00+00:00","open":71890.2578125,"high":72252.6484375,"low":71785.296875,"close":72090.484375,"volume":0.0},{"timestamp":"2026-04-09T20:00:00+00:00","open":72109.1328125,"high":72436.1328125,"low":72037.734375,"close":72390.7109375,"volume":1248124928.0},{"timestamp":"2026-04-09T21:00:00+00:00","open":72414.75,"high":72651.953125,"low":72178.1171875,"close":72256.9765625,"volume":485777408.0},{"timestamp":"2026-04-09T22:00:00+00:00","open":72258.2578125,"high":73004.65625,"low":72041.1171875,"close":72041.1171875,"volume":1449922560.0},{"timestamp":"2026-04-09T23:00:00+00:00","open":71962.484375,"high":72000.1171875,"low":71637.8125,"close":71774.3671875,"volume":609611776.0},{"timestamp":"2026-04-10T00:00:00+00:00","open":71783.515625,"high":72004.9296875,"low":71609.296875,"close":71907.890625,"volume":271847424.0},{"timestamp":"2026-04-10T01:00:00+00:00","open":71932.625,"high":72347.5625,"low":71730.296875,"close":72172.6484375,"volume":403632128.0},{"timestamp":"2026-04-10T02:00:00+00:00","open":72177.359375,"high":72257.53125,"low":71928.1953125,"close":71953.8515625,"volume":0.0},{"timestamp":"2026-04-10T03:00:00+00:00","open":71961.484375,"high":71985.625,"low":71817.3515625,"close":71866.9375,"volume":0.0},{"timestamp":"2026-04-10T04:00:00+00:00","open":71888.7265625,"high":72114.984375,"low":71845.609375,"close":72075.203125,"volume":367677440.0},{"timestamp":"2026-04-10T05:00:00+00:00","open":72101.890625,"high":72249.5,"low":72018.609375,"close":72110.9609375,"volume":370974720.0},{"timestamp":"2026-04-10T06:00:00+00:00","open":72124.4765625,"high":72148.390625,"low":71804.453125,"close":71818.6171875,"volume":0.0},{"timestamp":"2026-04-10T07:00:00+00:00","open":71817.7890625,"high":71827.6640625,"low":71445.828125,"close":71474.5234375,"volume":0.0},{"timestamp":"2026-04-10T08:00:00+00:00","open":71484.5546875,"high":71747.3671875,"low":71444.78125,"close":71601.859375,"volume":250580992.0},{"timestamp":"2026-04-10T09:00:00+00:00","open":71607.3828125,"high":71853.765625,"low":71597.328125,"close":71796.2734375,"volume":0.0},{"timestamp":"2026-04-10T10:00:00+00:00","open":71790.0390625,"high":71927.125,"low":71724.765625,"close":71927.125,"volume":0.0},{"timestamp":"2026-04-10T11:00:00+00:00","open":71914.7734375,"high":72250.0703125,"low":71914.7734375,"close":72120.9609375,"volume":588943360.0},{"timestamp":"2026-04-10T12:00:00+00:00","open":72123.65625,"high":72420.3515625,"low":72051.0234375,"close":72259.9296875,"volume":67821568.0},{"timestamp":"2026-04-10T13:00:00+00:00","open":72259.9375,"high":72353.125,"low":71946.921875,"close":72353.125,"volume":655417344.0},{"timestamp":"2026-04-10T14:00:00+00:00","open":72328.6796875,"high":73117.5390625,"low":72328.6796875,"close":72902.0234375,"volume":2228338688.0},{"timestamp":"2026-04-10T15:00:00+00:00","open":72958.8125,"high":73289.9140625,"low":72403.5390625,"close":72403.5390625,"volume":0.0},{"timestamp":"2026-04-10T16:00:00+00:00","open":72431.109375,"high":73034.765625,"low":72420.078125,"close":73034.765625,"volume":0.0},{"timestamp":"2026-04-10T17:00:00+00:00","open":73002.578125,"high":73114.03125,"low":72838.140625,"close":73101.09375,"volume":0.0},{"timestamp":"2026-04-10T18:00:00+00:00","open":73134.140625,"high":73134.140625,"low":72920.28125,"close":73114.046875,"volume":0.0},{"timestamp":"2026-04-10T19:00:00+00:00","open":73118.453125,"high":73263.1015625,"low":72945.1015625,"close":73234.4453125,"volume":53522432.0},{"timestamp":"2026-04-10T20:00:00+00:00","open":73218.1953125,"high":73421.8125,"low":73081.796875,"close":73377.0703125,"volume":496521216.0},{"timestamp":"2026-04-10T21:00:00+00:00","open":73371.953125,"high":73371.953125,"low":73016.375,"close":73203.6953125,"volume":0.0},{"timestamp":"2026-04-10T22:00:00+00:00","open":73202.296875,"high":73223.703125,"low":72834.515625,"close":72919.671875,"volume":0.0},{"timestamp":"2026-04-10T23:00:00+00:00","open":72908.984375,"high":72976.125,"low":72844.9765625,"close":72976.125,"volume":9138176.0},{"timestamp":"2026-04-11T00:00:00+00:00","open":72974.1953125,"high":72974.1953125,"low":72829.4453125,"close":72841.375,"volume":0.0},{"timestamp":"2026-04-11T01:00:00+00:00","open":72844.015625,"high":73003.703125,"low":72722.609375,"close":72955.96875,"volume":0.0},{"timestamp":"2026-04-11T02:00:00+00:00","open":72954.3125,"high":73116.5234375,"low":72946.8203125,"close":72984.203125,"volume":27906048.0},{"timestamp":"2026-04-11T03:00:00+00:00","open":72981.1484375,"high":73091.203125,"low":72867.390625,"close":72867.390625,"volume":0.0},{"timestamp":"2026-04-11T04:00:00+00:00","open":72886.9375,"high":72972.625,"low":72738.515625,"close":72824.890625,"volume":0.0},{"timestamp":"2026-04-11T05:00:00+00:00","open":72843.453125,"high":72862.75,"low":72706.6484375,"close":72759.265625,"volume":0.0},{"timestamp":"2026-04-11T06:00:00+00:00","open":72744.8828125,"high":72801.0859375,"low":72682.0703125,"close":72801.0859375,"volume":0.0},{"timestamp":"2026-04-11T07:00:00+00:00","open":72794.328125,"high":72848.59375,"low":72719.5390625,"close":72738.2890625,"volume":0.0},{"timestamp":"2026-04-11T08:00:00+00:00","open":72768.2421875,"high":72820.59375,"low":72681.109375,"close":72715.7109375,"volume":0.0},{"timestamp":"2026-04-11T09:00:00+00:00","open":72704.0703125,"high":72917.6328125,"low":72659.4375,"close":72913.359375,"volume":0.0},{"timestamp":"2026-04-11T10:00:00+00:00","open":72937.609375,"high":72938.2265625,"low":72799.84375,"close":72864.703125,"volume":0.0},{"timestamp":"2026-04-11T11:00:00+00:00","open":72861.7109375,"high":72945.75,"low":72858.3828125,"close":72925.703125,"volume":0.0},{"timestamp":"2026-04-11T12:00:00+00:00","open":72938.75,"high":73003.6796875,"low":72846.046875,"close":72967.8203125,"volume":0.0},{"timestamp":"2026-04-11T13:00:00+00:00","open":72961.0,"high":72961.0,"low":72594.53125,"close":72701.921875,"volume":0.0},{"timestamp":"2026-04-11T14:00:00+00:00","open":72693.8984375,"high":72771.796875,"low":72638.1796875,"close":72745.453125,"volume":0.0},{"timestamp":"2026-04-11T15:00:00+00:00","open":72744.0390625,"high":72883.3125,"low":72712.1953125,"close":72880.890625,"volume":0.0},{"timestamp":"2026-04-11T16:00:00+00:00","open":72887.8359375,"high":73199.65625,"low":72850.484375,"close":73102.703125,"volume":0.0},{"timestamp":"2026-04-11T17:00:00+00:00","open":73055.375,"high":73178.5859375,"low":72981.3203125,"close":73097.2109375,"volume":0.0},{"timestamp":"2026-04-11T18:00:00+00:00","open":73106.21875,"high":73660.734375,"low":73076.796875,"close":73544.5703125,"volume":224630784.0},{"timestamp":"2026-04-11T19:00:00+00:00","open":73555.78125,"high":73724.78125,"low":73514.65625,"close":73683.421875,"volume":0.0},{"timestamp":"2026-04-11T20:00:00+00:00","open":73687.1015625,"high":73687.1015625,"low":73284.3515625,"close":73331.3046875,"volume":0.0},{"timestamp":"2026-04-11T21:00:00+00:00","open":73324.375,"high":73539.8203125,"low":73272.140625,"close":73476.75,"volume":0.0},{"timestamp":"2026-04-11T22:00:00+00:00","open":73449.1328125,"high":73550.828125,"low":73270.546875,"close":73388.0546875,"volume":0.0},{"timestamp":"2026-04-11T23:00:00+00:00","open":73390.8125,"high":73390.8125,"low":72995.0078125,"close":73056.046875,"volume":0.0},{"timestamp":"2026-04-12T00:00:00+00:00","open":73057.15625,"high":73124.0859375,"low":72945.5078125,"close":73049.1640625,"volume":0.0},{"timestamp":"2026-04-12T01:00:00+00:00","open":73083.3515625,"high":73141.5,"low":71527.5625,"close":71609.53125,"volume":2020614144.0},{"timestamp":"2026-04-12T02:00:00+00:00","open":71662.8671875,"high":71924.7734375,"low":71464.046875,"close":71810.359375,"volume":935913472.0},{"timestamp":"2026-04-12T03:00:00+00:00","open":71790.203125,"high":71860.9296875,"low":71626.78125,"close":71660.0546875,"volume":144060416.0},{"timestamp":"2026-04-12T04:00:00+00:00","open":71621.7890625,"high":71678.65625,"low":71481.25,"close":71490.046875,"volume":257187840.0},{"timestamp":"2026-04-12T05:00:00+00:00","open":71498.8515625,"high":71785.1328125,"low":71448.0546875,"close":71740.96875,"volume":396326912.0},{"timestamp":"2026-04-12T06:00:00+00:00","open":71735.875,"high":71762.03125,"low":71663.28125,"close":71675.6640625,"volume":18329600.0},{"timestamp":"2026-04-12T07:00:00+00:00","open":71662.015625,"high":71765.0234375,"low":71612.8359375,"close":71747.28125,"volume":0.0},{"timestamp":"2026-04-12T08:00:00+00:00","open":71712.4296875,"high":71789.8125,"low":71625.328125,"close":71639.640625,"volume":692613120.0},{"timestamp":"2026-04-12T09:00:00+00:00","open":71650.3359375,"high":71654.359375,"low":71543.8046875,"close":71561.8203125,"volume":94949376.0},{"timestamp":"2026-04-12T10:00:00+00:00","open":71563.4296875,"high":71676.1875,"low":71405.109375,"close":71458.2734375,"volume":101920768.0},{"timestamp":"2026-04-12T11:00:00+00:00","open":71465.1640625,"high":71545.5546875,"low":71448.3203125,"close":71494.46875,"volume":383551488.0},{"timestamp":"2026-04-12T12:00:00+00:00","open":71493.9921875,"high":71515.1484375,"low":71129.40625,"close":71158.734375,"volume":516511744.0},{"timestamp":"2026-04-12T13:00:00+00:00","open":71004.1640625,"high":71102.6796875,"low":70910.4375,"close":70945.0,"volume":698109952.0},{"timestamp":"2026-04-12T14:00:00+00:00","open":70906.40625,"high":71084.5546875,"low":70739.6015625,"close":70807.34375,"volume":584138752.0},{"timestamp":"2026-04-12T15:00:00+00:00","open":70768.640625,"high":70944.4453125,"low":70721.7890625,"close":70906.8203125,"volume":588967936.0},{"timestamp":"2026-04-12T16:00:00+00:00","open":70886.1015625,"high":70959.578125,"low":70856.4140625,"close":70902.7578125,"volume":0.0},{"timestamp":"2026-04-12T17:00:00+00:00","open":70972.859375,"high":71190.6875,"low":70937.4296875,"close":71143.1328125,"volume":97961984.0},{"timestamp":"2026-04-12T18:00:00+00:00","open":71149.9453125,"high":71221.2109375,"low":71091.5625,"close":71161.0703125,"volume":0.0},{"timestamp":"2026-04-12T19:00:00+00:00","open":71158.640625,"high":71234.3046875,"low":71081.5859375,"close":71114.7265625,"volume":0.0},{"timestamp":"2026-04-12T20:00:00+00:00","open":71123.7421875,"high":71431.6953125,"low":70971.484375,"close":71359.3984375,"volume":137883648.0},{"timestamp":"2026-04-12T21:00:00+00:00","open":71349.5390625,"high":71452.2265625,"low":71243.9765625,"close":71284.375,"volume":0.0},{"timestamp":"2026-04-12T22:00:00+00:00","open":71345.109375,"high":71345.109375,"low":70593.453125,"close":70901.7890625,"volume":1398806528.0},{"timestamp":"2026-04-12T23:00:00+00:00","open":70917.5625,"high":70917.5625,"low":70601.0390625,"close":70757.6171875,"volume":224360448.0},{"timestamp":"2026-04-13T00:00:00+00:00","open":70741.296875,"high":71229.5703125,"low":70629.453125,"close":71159.4609375,"volume":292968448.0},{"timestamp":"2026-04-13T01:00:00+00:00","open":71174.0625,"high":71224.4453125,"low":71064.9140625,"close":71221.5,"volume":0.0},{"timestamp":"2026-04-13T02:00:00+00:00","open":71199.1796875,"high":71264.46875,"low":71017.8203125,"close":71080.9375,"volume":0.0},{"timestamp":"2026-04-13T03:00:00+00:00","open":71063.625,"high":71126.6328125,"low":70951.0078125,"close":70989.6875,"volume":0.0},{"timestamp":"2026-04-13T04:00:00+00:00","open":70994.0078125,"high":71120.4453125,"low":70866.296875,"close":70932.84375,"volume":450109440.0},{"timestamp":"2026-04-13T05:00:00+00:00","open":70904.03125,"high":70916.1796875,"low":70713.4921875,"close":70857.4375,"volume":975269888.0},{"timestamp":"2026-04-13T06:00:00+00:00","open":70870.625,"high":71077.578125,"low":70870.625,"close":71064.859375,"volume":1428049920.0},{"timestamp":"2026-04-13T07:00:00+00:00","open":71029.1484375,"high":71029.1484375,"low":70699.671875,"close":70831.3125,"volume":1218619392.0},{"timestamp":"2026-04-13T08:00:00+00:00","open":70810.34375,"high":70846.5078125,"low":70588.5234375,"close":70667.7890625,"volume":1922785280.0},{"timestamp":"2026-04-13T09:00:00+00:00","open":70667.7890625,"high":70881.15625,"low":70667.7890625,"close":70789.25,"volume":0.0},{"timestamp":"2026-04-13T10:00:00+00:00","open":70791.625,"high":70835.046875,"low":70727.5,"close":70745.5390625,"volume":0.0},{"timestamp":"2026-04-13T11:00:00+00:00","open":70738.1796875,"high":70959.546875,"low":70738.1796875,"close":70947.2109375,"volume":256931840.0},{"timestamp":"2026-04-13T12:00:00+00:00","open":70883.4453125,"high":71166.4765625,"low":70788.5,"close":71102.421875,"volume":43233280.0},{"timestamp":"2026-04-13T13:00:00+00:00","open":71127.4453125,"high":71608.9296875,"low":70859.5234375,"close":71608.9296875,"volume":1137176576.0},{"timestamp":"2026-04-13T14:00:00+00:00","open":71657.2890625,"high":72420.1171875,"low":71485.4453125,"close":72420.1171875,"volume":2789216256.0},{"timestamp":"2026-04-13T15:00:00+00:00","open":72408.421875,"high":72408.421875,"low":71691.8515625,"close":71838.046875,"volume":2246270976.0},{"timestamp":"2026-04-13T16:00:00+00:00","open":71909.3828125,"high":72436.6171875,"low":71728.9609375,"close":72204.7265625,"volume":2313646080.0},{"timestamp":"2026-04-13T17:00:00+00:00","open":72187.40625,"high":72560.015625,"low":72151.6171875,"close":72153.3984375,"volume":2198884352.0},{"timestamp":"2026-04-13T18:00:00+00:00","open":72156.2578125,"high":72481.546875,"low":72101.75,"close":72453.796875,"volume":1391271936.0},{"timestamp":"2026-04-13T19:00:00+00:00","open":72454.0078125,"high":73472.53125,"low":72327.703125,"close":73373.984375,"volume":3469111296.0},{"timestamp":"2026-04-13T20:00:00+00:00","open":73379.046875,"high":73379.046875,"low":73101.8046875,"close":73204.078125,"volume":1933516800.0},{"timestamp":"2026-04-13T21:00:00+00:00","open":73182.1171875,"high":73338.9609375,"low":73137.4140625,"close":73229.1640625,"volume":616419328.0},{"timestamp":"2026-04-13T22:00:00+00:00","open":73208.84375,"high":74699.296875,"low":73208.84375,"close":74640.609375,"volume":2595000320.0},{"timestamp":"2026-04-13T23:00:00+00:00","open":74546.9921875,"high":74856.671875,"low":74485.984375,"close":74532.7421875,"volume":2946129920.0},{"timestamp":"2026-04-14T00:00:00+00:00","open":74442.2265625,"high":74504.140625,"low":74162.0234375,"close":74162.0234375,"volume":108036096.0},{"timestamp":"2026-04-14T01:00:00+00:00","open":74145.921875,"high":74427.2734375,"low":74074.78125,"close":74378.9921875,"volume":2039922688.0},{"timestamp":"2026-04-14T02:00:00+00:00","open":74404.7109375,"high":74566.109375,"low":74317.484375,"close":74374.3671875,"volume":0.0},{"timestamp":"2026-04-14T03:00:00+00:00","open":74365.78125,"high":74499.0078125,"low":74291.6796875,"close":74454.3828125,"volume":392503296.0},{"timestamp":"2026-04-14T04:00:00+00:00","open":74450.8515625,"high":74512.1640625,"low":74391.2421875,"close":74397.703125,"volume":0.0},{"timestamp":"2026-04-14T05:00:00+00:00","open":74393.7578125,"high":74418.0859375,"low":74192.1875,"close":74209.84375,"volume":0.0},{"timestamp":"2026-04-14T06:00:00+00:00","open":74312.171875,"high":74565.7734375,"low":74299.1484375,"close":74565.7734375,"volume":238682112.0},{"timestamp":"2026-04-14T07:00:00+00:00","open":74551.2734375,"high":74930.4296875,"low":74511.1953125,"close":74547.5546875,"volume":1304555520.0},{"timestamp":"2026-04-14T08:00:00+00:00","open":74547.046875,"high":74901.6875,"low":74510.515625,"close":74776.1640625,"volume":905838592.0},{"timestamp":"2026-04-14T09:00:00+00:00","open":74770.9375,"high":74845.84375,"low":74469.1640625,"close":74538.09375,"volume":705634304.0},{"timestamp":"2026-04-14T10:00:00+00:00","open":74506.390625,"high":74638.0703125,"low":74363.4921875,"close":74423.4453125,"volume":603942912.0},{"timestamp":"2026-04-14T11:00:00+00:00","open":74395.28125,"high":74465.9609375,"low":74333.2734375,"close":74456.0,"volume":460406784.0},{"timestamp":"2026-04-14T12:00:00+00:00","open":74398.828125,"high":74457.5859375,"low":74297.015625,"close":74457.5859375,"volume":120107008.0},{"timestamp":"2026-04-14T13:00:00+00:00","open":74455.375,"high":75495.4765625,"low":74455.375,"close":75490.3984375,"volume":1937948672.0},{"timestamp":"2026-04-14T14:00:00+00:00","open":75532.8046875,"high":76009.03125,"low":75180.125,"close":75180.125,"volume":3226267648.0},{"timestamp":"2026-04-14T15:00:00+00:00","open":75090.1796875,"high":75423.8984375,"low":74743.2890625,"close":75407.8125,"volume":628097024.0},{"timestamp":"2026-04-14T16:00:00+00:00","open":75390.9609375,"high":75666.0390625,"low":74566.21875,"close":74566.21875,"volume":0.0},{"timestamp":"2026-04-14T17:00:00+00:00","open":74653.4140625,"high":74947.6328125,"low":74332.015625,"close":74766.5,"volume":0.0},{"timestamp":"2026-04-14T18:00:00+00:00","open":74806.2109375,"high":74809.5546875,"low":73946.8515625,"close":74097.0625,"volume":653688832.0},{"timestamp":"2026-04-14T19:00:00+00:00","open":74132.796875,"high":74403.9296875,"low":73960.7578125,"close":74265.8984375,"volume":0.0},{"timestamp":"2026-04-14T20:00:00+00:00","open":74329.203125,"high":74423.1484375,"low":74052.28125,"close":74052.28125,"volume":0.0},{"timestamp":"2026-04-14T21:00:00+00:00","open":74157.2109375,"high":74343.96875,"low":73989.09375,"close":74315.2890625,"volume":0.0},{"timestamp":"2026-04-14T22:00:00+00:00","open":74272.21875,"high":74413.2109375,"low":73905.1875,"close":74067.359375,"volume":0.0},{"timestamp":"2026-04-14T23:00:00+00:00","open":74067.3203125,"high":74269.2578125,"low":74046.1796875,"close":74184.671875,"volume":73728.0},{"timestamp":"2026-04-15T00:00:00+00:00","open":74170.09375,"high":74718.8203125,"low":74154.828125,"close":74597.890625,"volume":1786605568.0},{"timestamp":"2026-04-15T01:00:00+00:00","open":74591.34375,"high":74799.609375,"low":74531.2578125,"close":74649.0,"volume":0.0},{"timestamp":"2026-04-15T02:00:00+00:00","open":74640.8984375,"high":74738.0078125,"low":74220.0,"close":74360.390625,"volume":0.0},{"timestamp":"2026-04-15T03:00:00+00:00","open":74356.328125,"high":74405.109375,"low":74220.0,"close":74376.75,"volume":0.0},{"timestamp":"2026-04-15T04:00:00+00:00","open":74377.3125,"high":74470.0078125,"low":74295.9609375,"close":74354.171875,"volume":0.0},{"timestamp":"2026-04-15T05:00:00+00:00","open":74365.7265625,"high":74463.9765625,"low":73912.578125,"close":74054.953125,"volume":0.0},{"timestamp":"2026-04-15T06:00:00+00:00","open":74050.0078125,"high":74076.7890625,"low":73902.921875,"close":73942.46875,"volume":0.0},{"timestamp":"2026-04-15T07:00:00+00:00","open":73924.6484375,"high":74048.46875,"low":73573.03125,"close":73771.3515625,"volume":68005888.0},{"timestamp":"2026-04-15T08:00:00+00:00","open":73759.7890625,"high":74219.0078125,"low":73706.0,"close":74139.9921875,"volume":0.0},{"timestamp":"2026-04-15T09:00:00+00:00","open":74167.3515625,"high":74213.4296875,"low":73936.9921875,"close":74038.53125,"volume":0.0},{"timestamp":"2026-04-15T10:00:00+00:00","open":74033.0,"high":74255.7890625,"low":73822.03125,"close":73890.8984375,"volume":151773184.0},{"timestamp":"2026-04-15T11:00:00+00:00","open":73911.59375,"high":74281.6171875,"low":73894.0,"close":74232.65625,"volume":0.0},{"timestamp":"2026-04-15T12:00:00+00:00","open":74244.953125,"high":74494.203125,"low":74075.7578125,"close":74302.4765625,"volume":301113344.0},{"timestamp":"2026-04-15T13:00:00+00:00","open":74287.75,"high":74470.0,"low":73830.40625,"close":74071.3671875,"volume":0.0},{"timestamp":"2026-04-15T14:00:00+00:00","open":74086.03125,"high":74533.9921875,"low":73843.921875,"close":74163.1796875,"volume":0.0},{"timestamp":"2026-04-15T15:00:00+00:00","open":74164.40625,"high":74317.59375,"low":73623.7265625,"close":73868.0,"volume":0.0},{"timestamp":"2026-04-15T16:00:00+00:00","open":73856.046875,"high":74206.078125,"low":73779.65625,"close":73956.71875,"volume":0.0},{"timestamp":"2026-04-15T17:00:00+00:00","open":73993.96875,"high":74253.6015625,"low":73929.671875,"close":74154.7109375,"volume":0.0},{"timestamp":"2026-04-15T18:00:00+00:00","open":74140.640625,"high":74428.2890625,"low":74086.046875,"close":74414.40625,"volume":0.0},{"timestamp":"2026-04-15T19:00:00+00:00","open":74414.40625,"high":75303.75,"low":74395.0078125,"close":75065.578125,"volume":160878592.0},{"timestamp":"2026-04-15T20:00:00+00:00","open":75053.0,"high":75060.7578125,"low":74545.0,"close":74872.140625,"volume":200192000.0},{"timestamp":"2026-04-15T21:00:00+00:00","open":74851.2734375,"high":74888.8671875,"low":74572.078125,"close":74765.3671875,"volume":0.0},{"timestamp":"2026-04-15T22:00:00+00:00","open":74772.2890625,"high":75412.0,"low":74763.8984375,"close":74983.78125,"volume":0.0},{"timestamp":"2026-04-15T23:00:00+00:00","open":74980.9765625,"high":74980.9765625,"low":74639.78125,"close":74836.359375,"volume":0.0},{"timestamp":"2026-04-16T00:00:00+00:00","open":74845.609375,"high":74899.1484375,"low":74508.46875,"close":74820.2421875,"volume":0.0},{"timestamp":"2026-04-16T01:00:00+00:00","open":74835.3203125,"high":74835.3203125,"low":74488.109375,"close":74681.8671875,"volume":0.0},{"timestamp":"2026-04-16T02:00:00+00:00","open":74681.4609375,"high":75288.3515625,"low":74614.3828125,"close":74902.71875,"volume":382001152.0},{"timestamp":"2026-04-16T03:00:00+00:00","open":74887.921875,"high":75177.0,"low":74879.1484375,"close":74904.25,"volume":2016497664.0},{"timestamp":"2026-04-16T04:00:00+00:00","open":74902.2578125,"high":75186.453125,"low":74749.5625,"close":74964.6484375,"volume":0.0},{"timestamp":"2026-04-16T05:00:00+00:00","open":74949.96875,"high":75158.6328125,"low":74914.5625,"close":75058.0234375,"volume":217673728.0},{"timestamp":"2026-04-16T06:00:00+00:00","open":75076.8515625,"high":75130.4375,"low":74877.2421875,"close":75048.65625,"volume":98119680.0},{"timestamp":"2026-04-16T07:00:00+00:00","open":75028.921875,"high":75100.0,"low":74662.34375,"close":74721.5390625,"volume":0.0},{"timestamp":"2026-04-16T08:00:00+00:00","open":74721.546875,"high":74764.78125,"low":74535.4296875,"close":74697.7109375,"volume":804335616.0},{"timestamp":"2026-04-16T09:00:00+00:00","open":74679.25,"high":74927.828125,"low":74611.796875,"close":74612.671875,"volume":0.0},{"timestamp":"2026-04-16T10:00:00+00:00","open":74611.8828125,"high":74670.828125,"low":74288.5,"close":74323.9921875,"volume":0.0},{"timestamp":"2026-04-16T11:00:00+00:00","open":74327.9921875,"high":74601.65625,"low":74300.0078125,"close":74593.328125,"volume":396546048.0},{"timestamp":"2026-04-16T12:00:00+00:00","open":74593.328125,"high":74868.453125,"low":74593.328125,"close":74637.640625,"volume":0.0},{"timestamp":"2026-04-16T13:00:00+00:00","open":74628.7890625,"high":75026.2734375,"low":73328.0,"close":73792.1796875,"volume":937250816.0},{"timestamp":"2026-04-16T14:00:00+00:00","open":73782.1875,"high":74198.5078125,"low":73425.8515625,"close":73973.203125,"volume":372477952.0},{"timestamp":"2026-04-16T15:00:00+00:00","open":73969.7421875,"high":74884.0078125,"low":73941.9921875,"close":74719.9921875,"volume":1685315584.0},{"timestamp":"2026-04-16T16:00:00+00:00","open":74746.0234375,"high":74956.4296875,"low":74079.96875,"close":74186.03125,"volume":538931200.0},{"timestamp":"2026-04-16T17:00:00+00:00","open":74167.890625,"high":74459.40625,"low":73917.140625,"close":74346.0,"volume":130420736.0},{"timestamp":"2026-04-16T18:00:00+00:00","open":74354.03125,"high":75092.3125,"low":74250.09375,"close":75054.4375,"volume":0.0},{"timestamp":"2026-04-16T19:00:00+00:00","open":75102.0,"high":75429.609375,"low":74770.8203125,"close":75371.9765625,"volume":964886528.0},{"timestamp":"2026-04-16T20:00:00+00:00","open":75384.9375,"high":75539.90625,"low":75020.96875,"close":75245.9921875,"volume":128495616.0},{"timestamp":"2026-04-16T21:00:00+00:00","open":75252.2109375,"high":75300.0,"low":74827.8125,"close":74956.9765625,"volume":121356288.0},{"timestamp":"2026-04-16T22:00:00+00:00","open":74966.2578125,"high":75139.453125,"low":74853.75,"close":74888.609375,"volume":0.0},{"timestamp":"2026-04-16T23:00:00+00:00","open":74866.40625,"high":75198.4609375,"low":74847.96875,"close":75163.09375,"volume":0.0},{"timestamp":"2026-04-17T00:00:00+00:00","open":75156.7421875,"high":75179.8515625,"low":74905.90625,"close":74955.9921875,"volume":0.0},{"timestamp":"2026-04-17T01:00:00+00:00","open":74960.6171875,"high":75061.3515625,"low":74594.4765625,"close":74763.890625,"volume":51539968.0},{"timestamp":"2026-04-17T02:00:00+00:00","open":74759.859375,"high":74830.8984375,"low":74562.671875,"close":74728.546875,"volume":0.0},{"timestamp":"2026-04-17T03:00:00+00:00","open":74729.953125,"high":74860.109375,"low":74623.71875,"close":74633.1484375,"volume":0.0},{"timestamp":"2026-04-17T04:00:00+00:00","open":74641.109375,"high":74867.9375,"low":74603.9921875,"close":74810.0078125,"volume":0.0},{"timestamp":"2026-04-17T05:00:00+00:00","open":74810.0,"high":74823.109375,"low":74575.0,"close":74656.5625,"volume":0.0},{"timestamp":"2026-04-17T06:00:00+00:00","open":74645.0234375,"high":74964.25,"low":74614.46875,"close":74964.25,"volume":0.0},{"timestamp":"2026-04-17T07:00:00+00:00","open":74960.9609375,"high":75122.609375,"low":74954.7421875,"close":75085.9921875,"volume":61296640.0},{"timestamp":"2026-04-17T08:00:00+00:00","open":75095.40625,"high":75890.671875,"low":75015.359375,"close":75787.4921875,"volume":619696128.0},{"timestamp":"2026-04-17T09:00:00+00:00","open":75803.578125,"high":76386.671875,"low":75550.1015625,"close":75811.4375,"volume":2566205440.0},{"timestamp":"2026-04-17T10:00:00+00:00","open":75811.453125,"high":75909.7890625,"low":75124.2265625,"close":75303.2421875,"volume":1024786432.0},{"timestamp":"2026-04-17T11:00:00+00:00","open":75292.5078125,"high":75631.84375,"low":75273.75,"close":75622.578125,"volume":0.0},{"timestamp":"2026-04-17T12:00:00+00:00","open":75661.359375,"high":76297.9609375,"low":75567.9921875,"close":76296.0234375,"volume":779100160.0},{"timestamp":"2026-04-17T13:00:00+00:00","open":76270.21875,"high":77456.0625,"low":76101.84375,"close":77385.9921875,"volume":5033406464.0},{"timestamp":"2026-04-17T14:00:00+00:00","open":77434.4609375,"high":78146.25,"low":77065.0703125,"close":77979.0,"volume":3173928960.0},{"timestamp":"2026-04-17T15:00:00+00:00","open":77977.5078125,"high":78060.09375,"low":77497.0,"close":77838.4375,"volume":1281085440.0},{"timestamp":"2026-04-17T16:00:00+00:00","open":77844.0390625,"high":78344.3671875,"low":77778.7578125,"close":77907.28125,"volume":778620928.0},{"timestamp":"2026-04-17T17:00:00+00:00","open":77898.7578125,"high":77974.0625,"low":77156.0,"close":77568.0078125,"volume":973885440.0},{"timestamp":"2026-04-17T18:00:00+00:00","open":77557.5,"high":77613.7421875,"low":77124.0,"close":77199.953125,"volume":126701568.0},{"timestamp":"2026-04-17T19:00:00+00:00","open":77223.7421875,"high":77518.8515625,"low":77061.59375,"close":77515.21875,"volume":0.0},{"timestamp":"2026-04-17T20:00:00+00:00","open":77481.9921875,"high":77650.40625,"low":77188.671875,"close":77380.0,"volume":0.0},{"timestamp":"2026-04-17T21:00:00+00:00","open":77373.2578125,"high":77531.2421875,"low":77310.0,"close":77475.0,"volume":0.0},{"timestamp":"2026-04-17T22:00:00+00:00","open":77448.7421875,"high":77551.5234375,"low":77302.5,"close":77339.9375,"volume":221704192.0},{"timestamp":"2026-04-17T23:00:00+00:00","open":77328.0234375,"high":77337.8515625,"low":76935.0234375,"close":77098.0078125,"volume":370642944.0},{"timestamp":"2026-04-18T00:00:00+00:00","open":77090.53125,"high":77287.4609375,"low":77010.0,"close":77195.9921875,"volume":0.0},{"timestamp":"2026-04-18T01:00:00+00:00","open":77216.2421875,"high":77364.7421875,"low":77148.7578125,"close":77250.6015625,"volume":0.0},{"timestamp":"2026-04-18T02:00:00+00:00","open":77251.9765625,"high":77447.4296875,"low":77154.296875,"close":77321.25,"volume":0.0},{"timestamp":"2026-04-18T03:00:00+00:00","open":77325.609375,"high":77328.75,"low":77002.0625,"close":77034.828125,"volume":0.0},{"timestamp":"2026-04-18T04:00:00+00:00","open":77045.9609375,"high":77197.5,"low":76934.9921875,"close":77148.75,"volume":402907136.0},{"timestamp":"2026-04-18T05:00:00+00:00","open":77144.0234375,"high":77287.5,"low":77144.0234375,"close":77168.296875,"volume":52015104.0},{"timestamp":"2026-04-18T06:00:00+00:00","open":77164.4609375,"high":77253.1875,"low":77091.0,"close":77160.0,"volume":0.0},{"timestamp":"2026-04-18T07:00:00+00:00","open":77140.0,"high":77162.0234375,"low":76923.078125,"close":77020.0078125,"volume":0.0},{"timestamp":"2026-04-18T08:00:00+00:00","open":77020.0234375,"high":77070.390625,"low":76534.0234375,"close":76760.0234375,"volume":0.0},{"timestamp":"2026-04-18T09:00:00+00:00","open":76732.5,"high":76743.7421875,"low":76447.5078125,"close":76631.2578125,"volume":0.0},{"timestamp":"2026-04-18T10:00:00+00:00","open":76627.5,"high":76627.5,"low":76170.7265625,"close":76222.4921875,"volume":0.0},{"timestamp":"2026-04-18T11:00:00+00:00","open":76222.5,"high":76222.5,"low":75797.9921875,"close":76069.4609375,"volume":0.0},{"timestamp":"2026-04-18T12:00:00+00:00","open":76084.9765625,"high":76317.6171875,"low":76070.9921875,"close":76239.7578125,"volume":0.0},{"timestamp":"2026-04-18T13:00:00+00:00","open":76230.828125,"high":76248.7421875,"low":75824.0703125,"close":76148.640625,"volume":0.0},{"timestamp":"2026-04-18T14:00:00+00:00","open":76169.46875,"high":76314.09375,"low":76018.2578125,"close":76280.609375,"volume":0.0},{"timestamp":"2026-04-18T15:00:00+00:00","open":76267.5,"high":76387.4921875,"low":76060.03125,"close":76191.71875,"volume":0.0},{"timestamp":"2026-04-18T16:00:00+00:00","open":76191.7109375,"high":76249.9765625,"low":75752.6328125,"close":75968.1171875,"volume":0.0},{"timestamp":"2026-04-18T17:00:00+00:00","open":75955.4765625,"high":75988.96875,"low":75822.0,"close":75852.1328125,"volume":0.0},{"timestamp":"2026-04-18T18:00:00+00:00","open":75852.0,"high":75872.703125,"low":75498.0078125,"close":75672.453125,"volume":0.0},{"timestamp":"2026-04-18T19:00:00+00:00","open":75654.0078125,"high":75834.453125,"low":75606.21875,"close":75682.1328125,"volume":0.0},{"timestamp":"2026-04-18T20:00:00+00:00","open":75678.8984375,"high":75875.828125,"low":75633.6328125,"close":75784.953125,"volume":0.0},{"timestamp":"2026-04-18T21:00:00+00:00","open":75779.03125,"high":75875.828125,"low":75632.6796875,"close":75854.5703125,"volume":0.0},{"timestamp":"2026-04-18T22:00:00+00:00","open":75856.1875,"high":75904.8984375,"low":75643.3828125,"close":75847.9765625,"volume":0.0},{"timestamp":"2026-04-18T23:00:00+00:00","open":75862.2890625,"high":75901.703125,"low":75730.59375,"close":75736.8203125,"volume":0.0},{"timestamp":"2026-04-19T00:00:00+00:00","open":75736.0,"high":75884.0078125,"low":75590.1796875,"close":75708.0,"volume":0.0},{"timestamp":"2026-04-19T01:00:00+00:00","open":75723.5,"high":75827.2890625,"low":75484.078125,"close":75652.1015625,"volume":129032192.0},{"timestamp":"2026-04-19T02:00:00+00:00","open":75639.3828125,"high":75730.09375,"low":75446.4375,"close":75530.3203125,"volume":53024768.0},{"timestamp":"2026-04-19T03:00:00+00:00","open":75523.8671875,"high":75668.0,"low":75391.4296875,"close":75546.4921875,"volume":71456768.0},{"timestamp":"2026-04-19T04:00:00+00:00","open":75551.9921875,"high":75806.7421875,"low":75462.4609375,"close":75700.0078125,"volume":0.0},{"timestamp":"2026-04-19T05:00:00+00:00","open":75700.0078125,"high":75726.0625,"low":75549.6875,"close":75580.0078125,"volume":0.0},{"timestamp":"2026-04-19T06:00:00+00:00","open":75572.3125,"high":75584.7890625,"low":75336.96875,"close":75429.7421875,"volume":337053696.0},{"timestamp":"2026-04-19T07:00:00+00:00","open":75426.953125,"high":75434.921875,"low":74942.0,"close":75291.1171875,"volume":855674880.0},{"timestamp":"2026-04-19T08:00:00+00:00","open":75281.328125,"high":75336.5234375,"low":75107.203125,"close":75299.078125,"volume":0.0},{"timestamp":"2026-04-19T09:00:00+00:00","open":75293.171875,"high":75308.890625,"low":74961.828125,"close":75055.421875,"volume":0.0},{"timestamp":"2026-04-19T10:00:00+00:00","open":75026.0,"high":75272.609375,"low":74971.5390625,"close":75246.078125,"volume":0.0},{"timestamp":"2026-04-19T11:00:00+00:00","open":75249.0,"high":75653.0703125,"low":75242.0234375,"close":75634.8671875,"volume":0.0},{"timestamp":"2026-04-19T12:00:00+00:00","open":75646.59375,"high":75730.4921875,"low":75488.328125,"close":75611.90625,"volume":0.0},{"timestamp":"2026-04-19T13:00:00+00:00","open":75588.3515625,"high":76260.296875,"low":75588.3515625,"close":75958.0,"volume":536588288.0},{"timestamp":"2026-04-19T14:00:00+00:00","open":75950.2265625,"high":76167.0,"low":75714.7109375,"close":76064.9609375,"volume":266915840.0},{"timestamp":"2026-04-19T15:00:00+00:00","open":76071.6328125,"high":76189.0,"low":75458.109375,"close":75884.7734375,"volume":1075015680.0},{"timestamp":"2026-04-19T16:00:00+00:00","open":75885.6171875,"high":75895.296875,"low":75360.1015625,"close":75416.0234375,"volume":0.0},{"timestamp":"2026-04-19T17:00:00+00:00","open":75381.75,"high":75414.03125,"low":74693.8828125,"close":74801.0078125,"volume":425570304.0},{"timestamp":"2026-04-19T18:00:00+00:00","open":74821.5390625,"high":74915.046875,"low":74645.8125,"close":74806.7109375,"volume":642525184.0},{"timestamp":"2026-04-19T19:00:00+00:00","open":74846.28125,"high":75100.7265625,"low":74846.28125,"close":74985.0390625,"volume":272711680.0},{"timestamp":"2026-04-19T20:00:00+00:00","open":74985.046875,"high":74985.046875,"low":74476.359375,"close":74661.453125,"volume":0.0},{"timestamp":"2026-04-19T21:00:00+00:00","open":74662.546875,"high":74842.15625,"low":74408.65625,"close":74461.203125,"volume":505593856.0},{"timestamp":"2026-04-19T22:00:00+00:00","open":74427.9765625,"high":74440.8984375,"low":73799.046875,"close":74073.59375,"volume":2095738880.0},{"timestamp":"2026-04-19T23:00:00+00:00","open":74060.8828125,"high":74080.046875,"low":73820.1875,"close":73820.1875,"volume":628639744.0},{"timestamp":"2026-04-20T00:00:00+00:00","open":73814.6875,"high":74387.828125,"low":73768.0,"close":74317.921875,"volume":972533760.0},{"timestamp":"2026-04-20T01:00:00+00:00","open":74296.8125,"high":74770.8828125,"low":74239.8125,"close":74621.421875,"volume":524847104.0},{"timestamp":"2026-04-20T02:00:00+00:00","open":74648.0625,"high":74648.5390625,"low":74338.453125,"close":74444.046875,"volume":387602432.0},{"timestamp":"2026-04-20T03:00:00+00:00","open":74440.296875,"high":74674.0078125,"low":74390.1328125,"close":74667.90625,"volume":237033472.0},{"timestamp":"2026-04-20T04:00:00+00:00","open":74667.90625,"high":74669.1875,"low":74469.0390625,"close":74590.390625,"volume":0.0},{"timestamp":"2026-04-20T05:00:00+00:00","open":74584.359375,"high":74590.3984375,"low":74136.9375,"close":74297.921875,"volume":346931200.0},{"timestamp":"2026-04-20T06:00:00+00:00","open":74317.9375,"high":74916.9921875,"low":74283.5390625,"close":74820.1796875,"volume":234817536.0},{"timestamp":"2026-04-20T07:00:00+00:00","open":74842.03125,"high":75588.8828125,"low":74693.4375,"close":74857.640625,"volume":489672704.0},{"timestamp":"2026-04-20T08:00:00+00:00","open":74861.0,"high":75026.953125,"low":74649.6796875,"close":74761.7578125,"volume":597123072.0},{"timestamp":"2026-04-20T09:00:00+00:00","open":74737.9765625,"high":75269.640625,"low":74726.109375,"close":75100.453125,"volume":463020032.0},{"timestamp":"2026-04-20T10:00:00+00:00","open":75130.3828125,"high":75439.8515625,"low":75042.1796875,"close":75068.6796875,"volume":41537536.0},{"timestamp":"2026-04-20T11:00:00+00:00","open":75068.7265625,"high":75319.1796875,"low":74997.6484375,"close":75223.96875,"volume":0.0},{"timestamp":"2026-04-20T12:00:00+00:00","open":75218.03125,"high":75672.8125,"low":75108.0,"close":75328.90625,"volume":466120704.0},{"timestamp":"2026-04-20T13:00:00+00:00","open":75331.546875,"high":75470.8203125,"low":74912.3671875,"close":75309.2890625,"volume":71524352.0},{"timestamp":"2026-04-20T14:00:00+00:00","open":75299.2734375,"high":75762.15625,"low":74958.859375,"close":75038.6875,"volume":1182838784.0},{"timestamp":"2026-04-20T15:00:00+00:00","open":75095.1171875,"high":75763.09375,"low":74733.75,"close":75747.078125,"volume":651075584.0},{"timestamp":"2026-04-20T16:00:00+00:00","open":75743.78125,"high":75743.78125,"low":75328.0,"close":75367.1328125,"volume":407003136.0},{"timestamp":"2026-04-20T17:00:00+00:00","open":75383.46875,"high":75998.1484375,"low":75327.0078125,"close":75937.3125,"volume":0.0},{"timestamp":"2026-04-20T18:00:00+00:00","open":75973.0390625,"high":76484.3515625,"low":75944.15625,"close":76450.0,"volume":623157248.0},{"timestamp":"2026-04-20T19:00:00+00:00","open":76483.3828125,"high":76523.3203125,"low":76187.53125,"close":76322.0078125,"volume":1873649664.0},{"timestamp":"2026-04-20T20:00:00+00:00","open":76304.0,"high":76591.65625,"low":76166.0078125,"close":76317.28125,"volume":1115488256.0},{"timestamp":"2026-04-20T21:00:00+00:00","open":76330.0,"high":76405.7265625,"low":75815.9921875,"close":75988.0,"volume":287932416.0},{"timestamp":"2026-04-20T22:00:00+00:00","open":76001.9765625,"high":76179.4375,"low":75933.0234375,"close":76004.671875,"volume":0.0},{"timestamp":"2026-04-20T23:00:00+00:00","open":75900.0,"high":75943.0234375,"low":75653.7109375,"close":75864.859375,"volume":0.0},{"timestamp":"2026-04-21T00:00:00+00:00","open":75869.5,"high":76128.6796875,"low":75724.84375,"close":76127.09375,"volume":0.0},{"timestamp":"2026-04-21T01:00:00+00:00","open":76095.8203125,"high":76278.0078125,"low":75902.890625,"close":75955.0703125,"volume":0.0},{"timestamp":"2026-04-21T02:00:00+00:00","open":75943.71875,"high":75965.09375,"low":75612.0,"close":75613.75,"volume":0.0},{"timestamp":"2026-04-21T03:00:00+00:00","open":75608.7421875,"high":75747.390625,"low":75520.0,"close":75740.578125,"volume":0.0},{"timestamp":"2026-04-21T04:00:00+00:00","open":75754.4765625,"high":75850.71875,"low":75633.28125,"close":75840.546875,"volume":0.0},{"timestamp":"2026-04-21T05:00:00+00:00","open":75840.0,"high":76010.640625,"low":75817.5703125,"close":75835.7734375,"volume":0.0},{"timestamp":"2026-04-21T06:00:00+00:00","open":75835.7734375,"high":76152.671875,"low":75731.171875,"close":76001.828125,"volume":0.0},{"timestamp":"2026-04-21T07:00:00+00:00","open":76001.828125,"high":76321.0,"low":75873.203125,"close":76118.09375,"volume":52444172288.0},{"timestamp":"2026-04-21T08:00:00+00:00","open":76124.1328125,"high":76867.6875,"low":76094.0,"close":76545.6484375,"volume":467214336.0},{"timestamp":"2026-04-21T09:00:00+00:00","open":76545.6015625,"high":76578.03125,"low":76187.1484375,"close":76388.0234375,"volume":0.0},{"timestamp":"2026-04-21T10:00:00+00:00","open":76391.359375,"high":76902.2109375,"low":76388.0078125,"close":76775.1328125,"volume":326430720.0},{"timestamp":"2026-04-21T11:00:00+00:00","open":76789.34375,"high":76789.34375,"low":76370.578125,"close":76478.6171875,"volume":612114432.0},{"timestamp":"2026-04-21T12:00:00+00:00","open":76485.3125,"high":76549.9921875,"low":75770.0,"close":76039.8984375,"volume":274640896.0},{"timestamp":"2026-04-21T13:00:00+00:00","open":76049.828125,"high":76194.6171875,"low":75761.78125,"close":75919.1328125,"volume":29853859840.0},{"timestamp":"2026-04-21T14:00:00+00:00","open":75942.8984375,"high":76588.8671875,"low":75650.8828125,"close":75681.7109375,"volume":0.0},{"timestamp":"2026-04-21T15:00:00+00:00","open":75743.328125,"high":75987.8515625,"low":75533.546875,"close":75850.8203125,"volume":0.0},{"timestamp":"2026-04-21T16:00:00+00:00","open":75888.15625,"high":76198.0,"low":75773.609375,"close":75800.3515625,"volume":0.0},{"timestamp":"2026-04-21T17:00:00+00:00","open":75775.8671875,"high":75909.1484375,"low":75098.9921875,"close":75567.2578125,"volume":0.0},{"timestamp":"2026-04-21T18:00:00+00:00","open":75544.078125,"high":75665.8984375,"low":75319.890625,"close":75622.7890625,"volume":0.0},{"timestamp":"2026-04-21T19:00:00+00:00","open":75628.078125,"high":75909.5,"low":74825.9921875,"close":75019.9921875,"volume":0.0},{"timestamp":"2026-04-21T20:00:00+00:00","open":75009.0625,"high":75865.9921875,"low":74989.5390625,"close":75743.71875,"volume":0.0},{"timestamp":"2026-04-21T21:00:00+00:00","open":75740.6796875,"high":75796.6796875,"low":75469.859375,"close":75565.0078125,"volume":0.0},{"timestamp":"2026-04-21T22:00:00+00:00","open":75566.1484375,"high":75662.140625,"low":75325.1484375,"close":75662.0078125,"volume":115748864.0}