{"updated_at":"2026-05-04T04:47:12.153174+00:00","pairs":[{"pair":"BTC","config":{"pair":"BTC","lower":68125.26328125,"upper":78986.93203125,"n_levels":12,"capital_usd":1000.0,"fee_rate":0.001},"levels":[68125.2633,69047.6393,69982.5037,70930.0257,71890.3765,72863.7299,73850.262,74850.1511,75863.5781,76890.7263,77931.7815,78986.932],"fills":[{"timestamp":"2026-04-05T00:00:00+00:00","side":"buy","price":68125.26328125,"qty":0.0013344402139596819,"level_idx":0,"pnl_usd":0.0},{"timestamp":"2026-04-05T00:00:00+00:00","side":"buy","price":69047.6392811062,"qty":0.0013166140342464503,"level_idx":1,"pnl_usd":0.0},{"timestamp":"2026-04-05T00:00:00+00:00","side":"buy","price":69982.50370954431,"qty":0.0012990259863579674,"level_idx":2,"pnl_usd":0.0},{"timestamp":"2026-04-05T00:00:00+00:00","side":"buy","price":70930.02565254277,"qty":0.001281672889199525,"level_idx":3,"pnl_usd":0.0},{"timestamp":"2026-04-05T00:00:00+00:00","side":"buy","price":71890.37648540476,"qty":0.0012645516041712112,"level_idx":4,"pnl_usd":0.0},{"timestamp":"2026-04-05T00:00:00+00:00","side":"buy","price":72863.72990375425,"qty":0.0012476590346002432,"level_idx":5,"pnl_usd":0.0},{"timestamp":"2026-04-05T00:00:00+00:00","side":"buy","price":73850.26195495186,"qty":0.0012309921251808804,"level_idx":6,"pnl_usd":0.0},{"timestamp":"2026-04-05T00:00:00+00:00","side":"buy","price":74850.15106993586,"qty":0.001214547861421822,"level_idx":7,"pnl_usd":0.0},{"timestamp":"2026-04-05T00:00:00+00:00","side":"buy","price":75863.57809549455,"qty":0.001198323269100985,"level_idx":8,"pnl_usd":0.0},{"timestamp":"2026-04-05T00:00:00+00:00","side":"buy","price":76890.72632697537,"qty":0.0011823154137275656,"level_idx":9,"pnl_usd":0.0},{"timestamp":"2026-04-05T00:00:00+00:00","side":"buy","price":77931.78154143697,"qty":0.001166521400011288,"level_idx":10,"pnl_usd":0.0},{"timestamp":"2026-04-05T23:00:00+00:00","side":"sell","price":69047.6392811062,"qty":0.0013344402139596819,"level_idx":1,"pnl_usd":1.1387156800636884},{"timestamp":"2026-04-06T09:00:00+00:00","side":"sell","price":69982.50370954431,"qty":0.0013166140342464503,"level_idx":2,"pnl_usd":1.1387156800637168},{"timestamp":"2026-04-06T22:00:00+00:00","side":"buy","price":69047.6392811062,"qty":0.0013166140342464503,"level_idx":1,"pnl_usd":0.0},{"timestamp":"2026-04-07T11:00:00+00:00","side":"buy","price":68125.26328125,"qty":0.0013344402139596819,"level_idx":0,"pnl_usd":0.0},{"timestamp":"2026-04-07T19:00:00+00:00","side":"sell","price":69047.6392811062,"qty":0.0013344402139596819,"level_idx":1,"pnl_usd":1.1387156800636884},{"timestamp":"2026-04-07T21:00:00+00:00","side":"sell","price":69982.50370954431,"qty":0.0013166140342464503,"level_idx":2,"pnl_usd":1.1387156800637168},{"timestamp":"2026-04-07T22:00:00+00:00","side":"sell","price":70930.02565254277,"qty":0.0012990259863579674,"level_idx":3,"pnl_usd":1.1387156800637026},{"timestamp":"2026-04-07T23:00:00+00:00","side":"sell","price":71890.37648540476,"qty":0.001281672889199525,"level_idx":4,"pnl_usd":1.1387156800637168},{"timestamp":"2026-04-08T14:00:00+00:00","side":"buy","price":70930.02565254277,"qty":0.001281672889199525,"level_idx":3,"pnl_usd":0.0},{"timestamp":"2026-04-08T17:00:00+00:00","side":"sell","price":71890.37648540476,"qty":0.001281672889199525,"level_idx":4,"pnl_usd":1.1387156800637168},{"timestamp":"2026-04-08T23:00:00+00:00","side":"buy","price":70930.02565254277,"qty":0.001281672889199525,"level_idx":3,"pnl_usd":0.0},{"timestamp":"2026-04-09T15:00:00+00:00","side":"sell","price":71890.37648540476,"qty":0.001281672889199525,"level_idx":4,"pnl_usd":1.1387156800637168},{"timestamp":"2026-04-09T22:00:00+00:00","side":"sell","price":72863.72990375425,"qty":0.0012645516041712112,"level_idx":5,"pnl_usd":1.1387156800636884},{"timestamp":"2026-04-09T23:00:00+00:00","side":"buy","price":71890.37648540476,"qty":0.0012645516041712112,"level_idx":4,"pnl_usd":0.0},{"timestamp":"2026-04-10T14:00:00+00:00","side":"sell","price":72863.72990375425,"qty":0.0012645516041712112,"level_idx":5,"pnl_usd":1.1387156800636884},{"timestamp":"2026-04-12T01:00:00+00:00","side":"buy","price":71890.37648540476,"qty":0.0012645516041712112,"level_idx":4,"pnl_usd":0.0},{"timestamp":"2026-04-12T01:00:00+00:00","side":"sell","price":72863.72990375425,"qty":0.0012645516041712112,"level_idx":5,"pnl_usd":1.1387156800636884},{"timestamp":"2026-04-12T02:00:00+00:00","side":"buy","price":71890.37648540476,"qty":0.0012645516041712112,"level_idx":4,"pnl_usd":0.0},{"timestamp":"2026-04-12T13:00:00+00:00","side":"buy","price":70930.02565254277,"qty":0.001281672889199525,"level_idx":3,"pnl_usd":0.0},{"timestamp":"2026-04-13T14:00:00+00:00","side":"sell","price":71890.37648540476,"qty":0.001281672889199525,"level_idx":4,"pnl_usd":1.1387156800637168},{"timestamp":"2026-04-13T19:00:00+00:00","side":"sell","price":72863.72990375425,"qty":0.0012645516041712112,"level_idx":5,"pnl_usd":1.1387156800636884},{"timestamp":"2026-04-13T22:00:00+00:00","side":"sell","price":73850.26195495186,"qty":0.0012476590346002432,"level_idx":6,"pnl_usd":1.1387156800637026},{"timestamp":"2026-04-13T23:00:00+00:00","side":"sell","price":74850.15106993586,"qty":0.0012309921251808804,"level_idx":7,"pnl_usd":1.1387156800637026},{"timestamp":"2026-04-14T14:00:00+00:00","side":"sell","price":75863.57809549455,"qty":0.001214547861421822,"level_idx":8,"pnl_usd":1.1387156800636884},{"timestamp":"2026-04-14T15:00:00+00:00","side":"buy","price":74850.15106993586,"qty":0.001214547861421822,"level_idx":7,"pnl_usd":0.0},{"timestamp":"2026-04-15T07:00:00+00:00","side":"buy","price":73850.26195495186,"qty":0.0012309921251808804,"level_idx":6,"pnl_usd":0.0},{"timestamp":"2026-04-15T19:00:00+00:00","side":"sell","price":74850.15106993586,"qty":0.0012309921251808804,"level_idx":7,"pnl_usd":1.1387156800637026},{"timestamp":"2026-04-16T13:00:00+00:00","side":"buy","price":73850.26195495186,"qty":0.0012309921251808804,"level_idx":6,"pnl_usd":0.0},{"timestamp":"2026-04-16T13:00:00+00:00","side":"sell","price":74850.15106993586,"qty":0.0012309921251808804,"level_idx":7,"pnl_usd":1.1387156800637026},{"timestamp":"2026-04-16T14:00:00+00:00","side":"buy","price":73850.26195495186,"qty":0.0012309921251808804,"level_idx":6,"pnl_usd":0.0},{"timestamp":"2026-04-16T15:00:00+00:00","side":"sell","price":74850.15106993586,"qty":0.0012309921251808804,"level_idx":7,"pnl_usd":1.1387156800637026},{"timestamp":"2026-04-17T08:00:00+00:00","side":"sell","price":75863.57809549455,"qty":0.001214547861421822,"level_idx":8,"pnl_usd":1.1387156800636884},{"timestamp":"2026-04-17T13:00:00+00:00","side":"sell","price":76890.72632697537,"qty":0.001198323269100985,"level_idx":9,"pnl_usd":1.1387156800637168},{"timestamp":"2026-04-17T14:00:00+00:00","side":"sell","price":77931.78154143697,"qty":0.0011823154137275656,"level_idx":10,"pnl_usd":1.1387156800637168},{"timestamp":"2026-04-18T08:00:00+00:00","side":"buy","price":76890.72632697537,"qty":0.0011823154137275656,"level_idx":9,"pnl_usd":0.0},{"timestamp":"2026-04-18T11:00:00+00:00","side":"buy","price":75863.57809549455,"qty":0.001198323269100985,"level_idx":8,"pnl_usd":0.0},{"timestamp":"2026-04-19T17:00:00+00:00","side":"buy","price":74850.15106993586,"qty":0.001214547861421822,"level_idx":7,"pnl_usd":0.0},{"timestamp":"2026-04-19T22:00:00+00:00","side":"buy","price":73850.26195495186,"qty":0.0012309921251808804,"level_idx":6,"pnl_usd":0.0},{"timestamp":"2026-04-20T06:00:00+00:00","side":"sell","price":74850.15106993586,"qty":0.0012309921251808804,"level_idx":7,"pnl_usd":1.1387156800637026},{"timestamp":"2026-04-20T17:00:00+00:00","side":"sell","price":75863.57809549455,"qty":0.001214547861421822,"level_idx":8,"pnl_usd":1.1387156800636884},{"timestamp":"2026-04-21T10:00:00+00:00","side":"sell","price":76890.72632697537,"qty":0.001198323269100985,"level_idx":9,"pnl_usd":1.1387156800637168},{"timestamp":"2026-04-21T12:00:00+00:00","side":"buy","price":75863.57809549455,"qty":0.001198323269100985,"level_idx":8,"pnl_usd":0.0},{"timestamp":"2026-04-21T19:00:00+00:00","side":"buy","price":74850.15106993586,"qty":0.001214547861421822,"level_idx":7,"pnl_usd":0.0},{"timestamp":"2026-04-21T19:00:00+00:00","side":"sell","price":75863.57809549455,"qty":0.001214547861421822,"level_idx":8,"pnl_usd":1.1387156800636884},{"timestamp":"2026-04-22T02:00:00+00:00","side":"sell","price":76890.72632697537,"qty":0.001198323269100985,"level_idx":9,"pnl_usd":1.1387156800637168},{"timestamp":"2026-04-22T05:00:00+00:00","side":"sell","price":77931.78154143697,"qty":0.0011823154137275656,"level_idx":10,"pnl_usd":1.1387156800637168},{"timestamp":"2026-04-22T14:00:00+00:00","side":"sell","price":78986.93203125008,"qty":0.001166521400011288,"level_idx":11,"pnl_usd":1.1387156800636884},{"timestamp":"2026-04-23T00:00:00+00:00","side":"buy","price":77931.78154143697,"qty":0.001166521400011288,"level_idx":10,"pnl_usd":0.0},{"timestamp":"2026-04-27T00:00:00+00:00","side":"sell","price":78986.93203125008,"qty":0.001166521400011288,"level_idx":11,"pnl_usd":1.1387156800636884},{"timestamp":"2026-04-27T05:00:00+00:00","side":"buy","price":77931.78154143697,"qty":0.001166521400011288,"level_idx":10,"pnl_usd":0.0},{"timestamp":"2026-04-27T15:00:00+00:00","side":"buy","price":76890.72632697537,"qty":0.0011823154137275656,"level_idx":9,"pnl_usd":0.0},{"timestamp":"2026-04-28T14:00:00+00:00","side":"buy","price":75863.57809549455,"qty":0.001198323269100985,"level_idx":8,"pnl_usd":0.0},{"timestamp":"2026-04-29T03:00:00+00:00","side":"sell","price":76890.72632697537,"qty":0.001198323269100985,"level_idx":9,"pnl_usd":1.1387156800637168},{"timestamp":"2026-04-29T15:00:00+00:00","side":"buy","price":75863.57809549455,"qty":0.001198323269100985,"level_idx":8,"pnl_usd":0.0},{"timestamp":"2026-05-01T03:00:00+00:00","side":"sell","price":76890.72632697537,"qty":0.001198323269100985,"level_idx":9,"pnl_usd":1.1387156800637168},{"timestamp":"2026-05-01T12:00:00+00:00","side":"sell","price":77931.78154143697,"qty":0.0011823154137275656,"level_idx":10,"pnl_usd":1.1387156800637168},{"timestamp":"2026-05-02T21:00:00+00:00","side":"sell","price":78986.93203125008,"qty":0.001166521400011288,"level_idx":11,"pnl_usd":1.1387156800636884}],"round_trips":34,"total_pnl_usd":38.72,"total_fees_usd":6.22,"realized_return_pct":0.0387,"unrealized_pnl_usd":0,"unrealized_holdings":0.0,"avg_holding_price":0.0,"final_price":80344.64,"max_drawdown_pct":-0.0828,"open_buy_levels":[0,1,2,3,4,5,6,7,8,9,10],"equity_curve":[{"timestamp":"2026-04-05T00:00:00+00:00","equity":922.68},{"timestamp":"2026-04-05T01:00:00+00:00","equity":921.62},{"timestamp":"2026-04-05T02:00:00+00:00","equity":922.48},{"timestamp":"2026-04-05T03:00:00+00:00","equity":921.92},{"timestamp":"2026-04-05T04:00:00+00:00","equity":921.54},{"timestamp":"2026-04-05T05:00:00+00:00","equity":919.05},{"timestamp":"2026-04-05T06:00:00+00:00","equity":917.96},{"timestamp":"2026-04-05T07:00:00+00:00","equity":917.55},{"timestamp":"2026-04-05T08:00:00+00:00","equity":919.09},{"timestamp":"2026-04-05T09:00:00+00:00","equity":920.55},{"timestamp":"2026-04-05T10:00:00+00:00","equity":920.81},{"timestamp":"2026-04-05T11:00:00+00:00","equity":919.98},{"timestamp":"2026-04-05T12:00:00+00:00","equity":917.16},{"timestamp":"2026-04-05T13:00:00+00:00","equity":918.66},{"timestamp":"2026-04-05T14:00:00+00:00","equity":919.07},{"timestamp":"2026-04-05T15:00:00+00:00","equity":924.07},{"timestamp":"2026-04-05T16:00:00+00:00","equity":922.95},{"timestamp":"2026-04-05T17:00:00+00:00","equity":924.95},{"timestamp":"2026-04-05T18:00:00+00:00","equity":925.36},{"timestamp":"2026-04-05T19:00:00+00:00","equity":924.5},{"timestamp":"2026-04-05T20:00:00+00:00","equity":928.79},{"timestamp":"2026-04-05T21:00:00+00:00","equity":927.79},{"timestamp":"2026-04-05T22:00:00+00:00","equity":938.56},{"timestamp":"2026-04-05T23:00:00+00:00","equity":947.59},{"timestamp":"2026-04-06T00:00:00+00:00","equity":948.75},{"timestamp":"2026-04-06T01:00:00+00:00","equity":945.34},{"timestamp":"2026-04-06T02:00:00+00:00","equity":950.63},{"timestamp":"2026-04-06T03:00:00+00:00","equity":948.57},{"timestamp":"2026-04-06T04:00:00+00:00","equity":949.24},{"timestamp":"2026-04-06T05:00:00+00:00","equity":949.92},{"timestamp":"2026-04-06T06:00:00+00:00","equity":947.42},{"timestamp":"2026-04-06T07:00:00+00:00","equity":948.74},{"timestamp":"2026-04-06T08:00:00+00:00","equity":950.66},{"timestamp":"2026-04-06T09:00:00+00:00","equity":957.14},{"timestamp":"2026-04-06T10:00:00+00:00","equity":957.1},{"timestamp":"2026-04-06T11:00:00+00:00","equity":955.61},{"timestamp":"2026-04-06T12:00:00+00:00","equity":952.95},{"timestamp":"2026-04-06T13:00:00+00:00","equity":952.93},{"timestamp":"2026-04-06T14:00:00+00:00","equity":956.32},{"timestamp":"2026-04-06T15:00:00+00:00","equity":959.31},{"timestamp":"2026-04-06T16:00:00+00:00","equity":958.26},{"timestamp":"2026-04-06T17:00:00+00:00","equity":955.25},{"timestamp":"2026-04-06T18:00:00+00:00","equity":958.81},{"timestamp":"2026-04-06T19:00:00+00:00","equity":956.81},{"timestamp":"2026-04-06T20:00:00+00:00","equity":958.31},{"timestamp":"2026-04-06T21:00:00+00:00","equity":954.79},{"timestamp":"2026-04-06T22:00:00+00:00","equity":947.93},{"timestamp":"2026-04-06T23:00:00+00:00","equity":947.2},{"timestamp":"2026-04-07T00:00:00+00:00","equity":946.89},{"timestamp":"2026-04-07T01:00:00+00:00","equity":941.59},{"timestamp":"2026-04-07T02:00:00+00:00","equity":944.83},{"timestamp":"2026-04-07T03:00:00+00:00","equity":945.91},{"timestamp":"2026-04-07T04:00:00+00:00","equity":947.41},{"timestamp":"2026-04-07T05:00:00+00:00","equity":944.27},{"timestamp":"2026-04-07T06:00:00+00:00","equity":943.48},{"timestamp":"2026-04-07T07:00:00+00:00","equity":944.39},{"timestamp":"2026-04-07T08:00:00+00:00","equity":948.26},{"timestamp":"2026-04-07T09:00:00+00:00","equity":950.73},{"timestamp":"2026-04-07T10:00:00+00:00","equity":939.44},{"timestamp":"2026-04-07T11:00:00+00:00","equity":941.26},{"timestamp":"2026-04-07T12:00:00+00:00","equity":942.04},{"timestamp":"2026-04-07T13:00:00+00:00","equity":939.86},{"timestamp":"2026-04-07T14:00:00+00:00","equity":935.23},{"timestamp":"2026-04-07T15:00:00+00:00","equity":938.32},{"timestamp":"2026-04-07T16:00:00+00:00","equity":939.35},{"timestamp":"2026-04-07T17:00:00+00:00","equity":946.08},{"timestamp":"2026-04-07T18:00:00+00:00","equity":942.23},{"timestamp":"2026-04-07T19:00:00+00:00","equity":949.57},{"timestamp":"2026-04-07T20:00:00+00:00","equity":953.57},{"timestamp":"2026-04-07T21:00:00+00:00","equity":961.35},{"timestamp":"2026-04-07T22:00:00+00:00","equity":977.48},{"timestamp":"2026-04-07T23:00:00+00:00","equity":982.4},{"timestamp":"2026-04-08T00:00:00+00:00","equity":980.05},{"timestamp":"2026-04-08T01:00:00+00:00","equity":978.21},{"timestamp":"2026-04-08T02:00:00+00:00","equity":977.07},{"timestamp":"2026-04-08T03:00:00+00:00","equity":976.78},{"timestamp":"2026-04-08T04:00:00+00:00","equity":979.32},{"timestamp":"2026-04-08T05:00:00+00:00","equity":980.42},{"timestamp":"2026-04-08T06:00:00+00:00","equity":980.44},{"timestamp":"2026-04-08T07:00:00+00:00","equity":979.5},{"timestamp":"2026-04-08T08:00:00+00:00","equity":980.77},{"timestamp":"2026-04-08T09:00:00+00:00","equity":980.09},{"timestamp":"2026-04-08T10:00:00+00:00","equity":978.5},{"timestamp":"2026-04-08T11:00:00+00:00","equity":979.98},{"timestamp":"2026-04-08T12:00:00+00:00","equity":983.49},{"timestamp":"2026-04-08T13:00:00+00:00","equity":978.77},{"timestamp":"2026-04-08T14:00:00+00:00","equity":972.83},{"timestamp":"2026-04-08T15:00:00+00:00","equity":977.35},{"timestamp":"2026-04-08T16:00:00+00:00","equity":980.47},{"timestamp":"2026-04-08T17:00:00+00:00","equity":983.2},{"timestamp":"2026-04-08T18:00:00+00:00","equity":976.53},{"timestamp":"2026-04-08T19:00:00+00:00","equity":978.02},{"timestamp":"2026-04-08T20:00:00+00:00","equity":978.58},{"timestamp":"2026-04-08T21:00:00+00:00","equity":979.87},{"timestamp":"2026-04-08T22:00:00+00:00","equity":976.21},{"timestamp":"2026-04-08T23:00:00+00:00","equity":976.67},{"timestamp":"2026-04-09T00:00:00+00:00","equity":973.93},{"timestamp":"2026-04-09T01:00:00+00:00","equity":974.68},{"timestamp":"2026-04-09T02:00:00+00:00","equity":976.23},{"timestamp":"2026-04-09T03:00:00+00:00","equity":975.35},{"timestamp":"2026-04-09T04:00:00+00:00","equity":973.26},{"timestamp":"2026-04-09T05:00:00+00:00","equity":975.28},{"timestamp":"2026-04-09T06:00:00+00:00","equity":975.64},{"timestamp":"2026-04-09T07:00:00+00:00","equity":975.19},{"timestamp":"2026-04-09T08:00:00+00:00","equity":977.95},{"timestamp":"2026-04-09T09:00:00+00:00","equity":980.49},{"timestamp":"2026-04-09T10:00:00+00:00","equity":978.41},{"timestamp":"2026-04-09T11:00:00+00:00","equity":977.08},{"timestamp":"2026-04-09T12:00:00+00:00","equity":978.19},{"timestamp":"2026-04-09T13:00:00+00:00","equity":973.71},{"timestamp":"2026-04-09T14:00:00+00:00","equity":976.68},{"timestamp":"2026-04-09T15:00:00+00:00","equity":985.98},{"timestamp":"2026-04-09T16:00:00+00:00","equity":985.27},{"timestamp":"2026-04-09T17:00:00+00:00","equity":988.04},{"timestamp":"2026-04-09T18:00:00+00:00","equity":984.13},{"timestamp":"2026-04-09T19:00:00+00:00","equity":985.87},{"timestamp":"2026-04-09T20:00:00+00:00","equity":988.42},{"timestamp":"2026-04-09T21:00:00+00:00","equity":987.29},{"timestamp":"2026-04-09T22:00:00+00:00","equity":986.4},{"timestamp":"2026-04-09T23:00:00+00:00","equity":984.32},{"timestamp":"2026-04-10T00:00:00+00:00","equity":985.45},{"timestamp":"2026-04-10T01:00:00+00:00","equity":987.71},{"timestamp":"2026-04-10T02:00:00+00:00","equity":985.85},{"timestamp":"2026-04-10T03:00:00+00:00","equity":985.11},{"timestamp":"2026-04-10T04:00:00+00:00","equity":986.88},{"timestamp":"2026-04-10T05:00:00+00:00","equity":987.18},{"timestamp":"2026-04-10T06:00:00+00:00","equity":984.7},{"timestamp":"2026-04-10T07:00:00+00:00","equity":981.77},{"timestamp":"2026-04-10T08:00:00+00:00","equity":982.85},{"timestamp":"2026-04-10T09:00:00+00:00","equity":984.51},{"timestamp":"2026-04-10T10:00:00+00:00","equity":985.62},{"timestamp":"2026-04-10T11:00:00+00:00","equity":987.27},{"timestamp":"2026-04-10T12:00:00+00:00","equity":988.45},{"timestamp":"2026-04-10T13:00:00+00:00","equity":989.24},{"timestamp":"2026-04-10T14:00:00+00:00","equity":993.77},{"timestamp":"2026-04-10T15:00:00+00:00","equity":990.16},{"timestamp":"2026-04-10T16:00:00+00:00","equity":994.73},{"timestamp":"2026-04-10T17:00:00+00:00","equity":995.21},{"timestamp":"2026-04-10T18:00:00+00:00","equity":995.3},{"timestamp":"2026-04-10T19:00:00+00:00","equity":996.18},{"timestamp":"2026-04-10T20:00:00+00:00","equity":997.21},{"timestamp":"2026-04-10T21:00:00+00:00","equity":995.95},{"timestamp":"2026-04-10T22:00:00+00:00","equity":993.9},{"timestamp":"2026-04-10T23:00:00+00:00","equity":994.31},{"timestamp":"2026-04-11T00:00:00+00:00","equity":993.33},{"timestamp":"2026-04-11T01:00:00+00:00","equity":994.16},{"timestamp":"2026-04-11T02:00:00+00:00","equity":994.36},{"timestamp":"2026-04-11T03:00:00+00:00","equity":993.52},{"timestamp":"2026-04-11T04:00:00+00:00","equity":993.21},{"timestamp":"2026-04-11T05:00:00+00:00","equity":992.74},{"timestamp":"2026-04-11T06:00:00+00:00","equity":993.04},{"timestamp":"2026-04-11T07:00:00+00:00","equity":992.58},{"timestamp":"2026-04-11T08:00:00+00:00","equity":992.42},{"timestamp":"2026-04-11T09:00:00+00:00","equity":993.85},{"timestamp":"2026-04-11T10:00:00+00:00","equity":993.5},{"timestamp":"2026-04-11T11:00:00+00:00","equity":993.94},{"timestamp":"2026-04-11T12:00:00+00:00","equity":994.25},{"timestamp":"2026-04-11T13:00:00+00:00","equity":992.32},{"timestamp":"2026-04-11T14:00:00+00:00","equity":992.64},{"timestamp":"2026-04-11T15:00:00+00:00","equity":993.62},{"timestamp":"2026-04-11T16:00:00+00:00","equity":995.22},{"timestamp":"2026-04-11T17:00:00+00:00","equity":995.18},{"timestamp":"2026-04-11T18:00:00+00:00","equity":998.42},{"timestamp":"2026-04-11T19:00:00+00:00","equity":999.43},{"timestamp":"2026-04-11T20:00:00+00:00","equity":996.88},{"timestamp":"2026-04-11T21:00:00+00:00","equity":997.93},{"timestamp":"2026-04-11T22:00:00+00:00","equity":997.29},{"timestamp":"2026-04-11T23:00:00+00:00","equity":994.88},{"timestamp":"2026-04-12T00:00:00+00:00","equity":994.97},{"timestamp":"2026-04-12T01:00:00+00:00","equity":985.96},{"timestamp":"2026-04-12T02:00:00+00:00","equity":986.9},{"timestamp":"2026-04-12T03:00:00+00:00","equity":985.62},{"timestamp":"2026-04-12T04:00:00+00:00","equity":984.18},{"timestamp":"2026-04-12T05:00:00+00:00","equity":986.31},{"timestamp":"2026-04-12T06:00:00+00:00","equity":985.76},{"timestamp":"2026-04-12T07:00:00+00:00","equity":986.37},{"timestamp":"2026-04-12T08:00:00+00:00","equity":985.45},{"timestamp":"2026-04-12T09:00:00+00:00","equity":984.79},{"timestamp":"2026-04-12T10:00:00+00:00","equity":983.91},{"timestamp":"2026-04-12T11:00:00+00:00","equity":984.22},{"timestamp":"2026-04-12T12:00:00+00:00","equity":981.36},{"timestamp":"2026-04-12T13:00:00+00:00","equity":979.08},{"timestamp":"2026-04-12T14:00:00+00:00","equity":978.22},{"timestamp":"2026-04-12T15:00:00+00:00","equity":979.19},{"timestamp":"2026-04-12T16:00:00+00:00","equity":979.15},{"timestamp":"2026-04-12T17:00:00+00:00","equity":981.5},{"timestamp":"2026-04-12T18:00:00+00:00","equity":981.68},{"timestamp":"2026-04-12T19:00:00+00:00","equity":981.22},{"timestamp":"2026-04-12T20:00:00+00:00","equity":983.62},{"timestamp":"2026-04-12T21:00:00+00:00","equity":982.88},{"timestamp":"2026-04-12T22:00:00+00:00","equity":979.14},{"timestamp":"2026-04-12T23:00:00+00:00","equity":977.73},{"timestamp":"2026-04-13T00:00:00+00:00","equity":981.66},{"timestamp":"2026-04-13T01:00:00+00:00","equity":982.27},{"timestamp":"2026-04-13T02:00:00+00:00","equity":980.89},{"timestamp":"2026-04-13T03:00:00+00:00","equity":980.0},{"timestamp":"2026-04-13T04:00:00+00:00","equity":979.44},{"timestamp":"2026-04-13T05:00:00+00:00","equity":978.71},{"timestamp":"2026-04-13T06:00:00+00:00","equity":980.74},{"timestamp":"2026-04-13T07:00:00+00:00","equity":978.45},{"timestamp":"2026-04-13T08:00:00+00:00","equity":976.85},{"timestamp":"2026-04-13T09:00:00+00:00","equity":978.04},{"timestamp":"2026-04-13T10:00:00+00:00","equity":977.61},{"timestamp":"2026-04-13T11:00:00+00:00","equity":979.58},{"timestamp":"2026-04-13T12:00:00+00:00","equity":981.1},{"timestamp":"2026-04-13T13:00:00+00:00","equity":986.06},{"timestamp":"2026-04-13T14:00:00+00:00","equity":993.23},{"timestamp":"2026-04-13T15:00:00+00:00","equity":988.28},{"timestamp":"2026-04-13T16:00:00+00:00","equity":991.4},{"timestamp":"2026-04-13T17:00:00+00:00","equity":990.96},{"timestamp":"2026-04-13T18:00:00+00:00","equity":993.55},{"timestamp":"2026-04-13T19:00:00+00:00","equity":1000.6},{"timestamp":"2026-04-13T20:00:00+00:00","equity":999.37},{"timestamp":"2026-04-13T21:00:00+00:00","equity":999.55},{"timestamp":"2026-04-13T22:00:00+00:00","equity":1008.7},{"timestamp":"2026-04-13T23:00:00+00:00","equity":1008.35},{"timestamp":"2026-04-14T00:00:00+00:00","equity":1006.58},{"timestamp":"2026-04-14T01:00:00+00:00","equity":1007.62},{"timestamp":"2026-04-14T02:00:00+00:00","equity":1007.59},{"timestamp":"2026-04-14T03:00:00+00:00","equity":1007.97},{"timestamp":"2026-04-14T04:00:00+00:00","equity":1007.7},{"timestamp":"2026-04-14T05:00:00+00:00","equity":1006.81},{"timestamp":"2026-04-14T06:00:00+00:00","equity":1008.5},{"timestamp":"2026-04-14T07:00:00+00:00","equity":1008.42},{"timestamp":"2026-04-14T08:00:00+00:00","equity":1009.51},{"timestamp":"2026-04-14T09:00:00+00:00","equity":1008.37},{"timestamp":"2026-04-14T10:00:00+00:00","equity":1007.83},{"timestamp":"2026-04-14T11:00:00+00:00","equity":1007.98},{"timestamp":"2026-04-14T12:00:00+00:00","equity":1007.99},{"timestamp":"2026-04-14T13:00:00+00:00","equity":1012.91},{"timestamp":"2026-04-14T14:00:00+00:00","equity":1012.17},{"timestamp":"2026-04-14T15:00:00+00:00","equity":1013.46},{"timestamp":"2026-04-14T16:00:00+00:00","equity":1009.65},{"timestamp":"2026-04-14T17:00:00+00:00","equity":1010.6},{"timestamp":"2026-04-14T18:00:00+00:00","equity":1007.41},{"timestamp":"2026-04-14T19:00:00+00:00","equity":1008.22},{"timestamp":"2026-04-14T20:00:00+00:00","equity":1007.2},{"timestamp":"2026-04-14T21:00:00+00:00","equity":1008.45},{"timestamp":"2026-04-14T22:00:00+00:00","equity":1007.27},{"timestamp":"2026-04-14T23:00:00+00:00","equity":1007.84},{"timestamp":"2026-04-15T00:00:00+00:00","equity":1009.81},{"timestamp":"2026-04-15T01:00:00+00:00","equity":1010.04},{"timestamp":"2026-04-15T02:00:00+00:00","equity":1008.66},{"timestamp":"2026-04-15T03:00:00+00:00","equity":1008.74},{"timestamp":"2026-04-15T04:00:00+00:00","equity":1008.64},{"timestamp":"2026-04-15T05:00:00+00:00","equity":1007.21},{"timestamp":"2026-04-15T06:00:00+00:00","equity":1006.59},{"timestamp":"2026-04-15T07:00:00+00:00","equity":1005.76},{"timestamp":"2026-04-15T08:00:00+00:00","equity":1007.97},{"timestamp":"2026-04-15T09:00:00+00:00","equity":1007.33},{"timestamp":"2026-04-15T10:00:00+00:00","equity":1006.48},{"timestamp":"2026-04-15T11:00:00+00:00","equity":1008.53},{"timestamp":"2026-04-15T12:00:00+00:00","equity":1008.99},{"timestamp":"2026-04-15T13:00:00+00:00","equity":1007.59},{"timestamp":"2026-04-15T14:00:00+00:00","equity":1008.03},{"timestamp":"2026-04-15T15:00:00+00:00","equity":1006.37},{"timestamp":"2026-04-15T16:00:00+00:00","equity":1006.87},{"timestamp":"2026-04-15T17:00:00+00:00","equity":1008.06},{"timestamp":"2026-04-15T18:00:00+00:00","equity":1009.59},{"timestamp":"2026-04-15T19:00:00+00:00","equity":1012.98},{"timestamp":"2026-04-15T20:00:00+00:00","equity":1012.24},{"timestamp":"2026-04-15T21:00:00+00:00","equity":1011.73},{"timestamp":"2026-04-15T22:00:00+00:00","equity":1012.78},{"timestamp":"2026-04-15T23:00:00+00:00","equity":1012.02},{"timestamp":"2026-04-16T00:00:00+00:00","equity":1012.06},{"timestamp":"2026-04-16T01:00:00+00:00","equity":1011.33},{"timestamp":"2026-04-16T02:00:00+00:00","equity":1012.36},{"timestamp":"2026-04-16T03:00:00+00:00","equity":1012.39},{"timestamp":"2026-04-16T04:00:00+00:00","equity":1012.68},{"timestamp":"2026-04-16T05:00:00+00:00","equity":1013.13},{"timestamp":"2026-04-16T06:00:00+00:00","equity":1013.09},{"timestamp":"2026-04-16T07:00:00+00:00","equity":1011.52},{"timestamp":"2026-04-16T08:00:00+00:00","equity":1011.41},{"timestamp":"2026-04-16T09:00:00+00:00","equity":1011.01},{"timestamp":"2026-04-16T10:00:00+00:00","equity":1009.63},{"timestamp":"2026-04-16T11:00:00+00:00","equity":1010.91},{"timestamp":"2026-04-16T12:00:00+00:00","equity":1011.1},{"timestamp":"2026-04-16T13:00:00+00:00","equity":1008.25},{"timestamp":"2026-04-16T14:00:00+00:00","equity":1009.25},{"timestamp":"2026-04-16T15:00:00+00:00","equity":1013.79},{"timestamp":"2026-04-16T16:00:00+00:00","equity":1011.25},{"timestamp":"2026-04-16T17:00:00+00:00","equity":1012.01},{"timestamp":"2026-04-16T18:00:00+00:00","equity":1015.39},{"timestamp":"2026-04-16T19:00:00+00:00","equity":1016.9},{"timestamp":"2026-04-16T20:00:00+00:00","equity":1016.3},{"timestamp":"2026-04-16T21:00:00+00:00","equity":1014.92},{"timestamp":"2026-04-16T22:00:00+00:00","equity":1014.6},{"timestamp":"2026-04-16T23:00:00+00:00","equity":1015.9},{"timestamp":"2026-04-17T00:00:00+00:00","equity":1014.92},{"timestamp":"2026-04-17T01:00:00+00:00","equity":1014.0},{"timestamp":"2026-04-17T02:00:00+00:00","equity":1013.84},{"timestamp":"2026-04-17T03:00:00+00:00","equity":1013.38},{"timestamp":"2026-04-17T04:00:00+00:00","equity":1014.22},{"timestamp":"2026-04-17T05:00:00+00:00","equity":1013.49},{"timestamp":"2026-04-17T06:00:00+00:00","equity":1014.75},{"timestamp":"2026-04-17T07:00:00+00:00","equity":1015.46},{"timestamp":"2026-04-17T08:00:00+00:00","equity":1018.89},{"timestamp":"2026-04-17T09:00:00+00:00","equity":1018.96},{"timestamp":"2026-04-17T10:00:00+00:00","equity":1017.15},{"timestamp":"2026-04-17T11:00:00+00:00","equity":1018.29},{"timestamp":"2026-04-17T12:00:00+00:00","equity":1020.68},{"timestamp":"2026-04-17T13:00:00+00:00","equity":1023.87},{"timestamp":"2026-04-17T14:00:00+00:00","equity":1025.11},{"timestamp":"2026-04-17T15:00:00+00:00","equity":1024.95},{"timestamp":"2026-04-17T16:00:00+00:00","equity":1025.02},{"timestamp":"2026-04-17T17:00:00+00:00","equity":1024.62},{"timestamp":"2026-04-17T18:00:00+00:00","equity":1024.21},{"timestamp":"2026-04-17T19:00:00+00:00","equity":1024.57},{"timestamp":"2026-04-17T20:00:00+00:00","equity":1024.39},{"timestamp":"2026-04-17T21:00:00+00:00","equity":1024.52},{"timestamp":"2026-04-17T22:00:00+00:00","equity":1024.36},{"timestamp":"2026-04-17T23:00:00+00:00","equity":1024.08},{"timestamp":"2026-04-18T00:00:00+00:00","equity":1024.19},{"timestamp":"2026-04-18T01:00:00+00:00","equity":1024.26},{"timestamp":"2026-04-18T02:00:00+00:00","equity":1024.34},{"timestamp":"2026-04-18T03:00:00+00:00","equity":1024.01},{"timestamp":"2026-04-18T04:00:00+00:00","equity":1024.14},{"timestamp":"2026-04-18T05:00:00+00:00","equity":1024.16},{"timestamp":"2026-04-18T06:00:00+00:00","equity":1024.15},{"timestamp":"2026-04-18T07:00:00+00:00","equity":1023.99},{"timestamp":"2026-04-18T08:00:00+00:00","equity":1023.53},{"timestamp":"2026-04-18T09:00:00+00:00","equity":1023.23},{"timestamp":"2026-04-18T10:00:00+00:00","equity":1022.27},{"timestamp":"2026-04-18T11:00:00+00:00","equity":1022.16},{"timestamp":"2026-04-18T12:00:00+00:00","equity":1022.76},{"timestamp":"2026-04-18T13:00:00+00:00","equity":1022.44},{"timestamp":"2026-04-18T14:00:00+00:00","equity":1022.9},{"timestamp":"2026-04-18T15:00:00+00:00","equity":1022.59},{"timestamp":"2026-04-18T16:00:00+00:00","equity":1021.8},{"timestamp":"2026-04-18T17:00:00+00:00","equity":1021.38},{"timestamp":"2026-04-18T18:00:00+00:00","equity":1020.75},{"timestamp":"2026-04-18T19:00:00+00:00","equity":1020.77},{"timestamp":"2026-04-18T20:00:00+00:00","equity":1021.15},{"timestamp":"2026-04-18T21:00:00+00:00","equity":1021.39},{"timestamp":"2026-04-18T22:00:00+00:00","equity":1021.37},{"timestamp":"2026-04-18T23:00:00+00:00","equity":1020.95},{"timestamp":"2026-04-19T00:00:00+00:00","equity":1020.86},{"timestamp":"2026-04-19T01:00:00+00:00","equity":1020.67},{"timestamp":"2026-04-19T02:00:00+00:00","equity":1020.22},{"timestamp":"2026-04-19T03:00:00+00:00","equity":1020.31},{"timestamp":"2026-04-19T04:00:00+00:00","equity":1020.84},{"timestamp":"2026-04-19T05:00:00+00:00","equity":1020.42},{"timestamp":"2026-04-19T06:00:00+00:00","equity":1019.89},{"timestamp":"2026-04-19T07:00:00+00:00","equity":1019.39},{"timestamp":"2026-04-19T08:00:00+00:00","equity":1019.4},{"timestamp":"2026-04-19T09:00:00+00:00","equity":1018.56},{"timestamp":"2026-04-19T10:00:00+00:00","equity":1019.23},{"timestamp":"2026-04-19T11:00:00+00:00","equity":1020.62},{"timestamp":"2026-04-19T12:00:00+00:00","equity":1020.53},{"timestamp":"2026-04-19T13:00:00+00:00","equity":1021.78},{"timestamp":"2026-04-19T14:00:00+00:00","equity":1022.14},{"timestamp":"2026-04-19T15:00:00+00:00","equity":1021.5},{"timestamp":"2026-04-19T16:00:00+00:00","equity":1019.84},{"timestamp":"2026-04-19T17:00:00+00:00","equity":1017.69},{"timestamp":"2026-04-19T18:00:00+00:00","equity":1017.62},{"timestamp":"2026-04-19T19:00:00+00:00","equity":1018.47},{"timestamp":"2026-04-19T20:00:00+00:00","equity":1016.94},{"timestamp":"2026-04-19T21:00:00+00:00","equity":1015.98},{"timestamp":"2026-04-19T22:00:00+00:00","equity":1014.4},{"timestamp":"2026-04-19T23:00:00+00:00","equity":1012.86},{"timestamp":"2026-04-20T00:00:00+00:00","equity":1015.8},{"timestamp":"2026-04-20T01:00:00+00:00","equity":1017.69},{"timestamp":"2026-04-20T02:00:00+00:00","equity":1016.6},{"timestamp":"2026-04-20T03:00:00+00:00","equity":1017.95},{"timestamp":"2026-04-20T04:00:00+00:00","equity":1017.52},{"timestamp":"2026-04-20T05:00:00+00:00","equity":1015.75},{"timestamp":"2026-04-20T06:00:00+00:00","equity":1018.83},{"timestamp":"2026-04-20T07:00:00+00:00","equity":1019.02},{"timestamp":"2026-04-20T08:00:00+00:00","equity":1018.53},{"timestamp":"2026-04-20T09:00:00+00:00","equity":1020.16},{"timestamp":"2026-04-20T10:00:00+00:00","equity":1020.01},{"timestamp":"2026-04-20T11:00:00+00:00","equity":1020.79},{"timestamp":"2026-04-20T12:00:00+00:00","equity":1021.22},{"timestamp":"2026-04-20T13:00:00+00:00","equity":1021.19},{"timestamp":"2026-04-20T14:00:00+00:00","equity":1020.02},{"timestamp":"2026-04-20T15:00:00+00:00","equity":1023.25},{"timestamp":"2026-04-20T16:00:00+00:00","equity":1021.49},{"timestamp":"2026-04-20T17:00:00+00:00","equity":1023.96},{"timestamp":"2026-04-20T18:00:00+00:00","equity":1025.8},{"timestamp":"2026-04-20T19:00:00+00:00","equity":1025.36},{"timestamp":"2026-04-20T20:00:00+00:00","equity":1025.31},{"timestamp":"2026-04-20T21:00:00+00:00","equity":1024.14},{"timestamp":"2026-04-20T22:00:00+00:00","equity":1024.2},{"timestamp":"2026-04-20T23:00:00+00:00","equity":1023.74},{"timestamp":"2026-04-21T00:00:00+00:00","equity":1024.64},{"timestamp":"2026-04-21T01:00:00+00:00","equity":1024.03},{"timestamp":"2026-04-21T02:00:00+00:00","equity":1022.82},{"timestamp":"2026-04-21T03:00:00+00:00","equity":1023.27},{"timestamp":"2026-04-21T04:00:00+00:00","equity":1023.62},{"timestamp":"2026-04-21T05:00:00+00:00","equity":1023.6},{"timestamp":"2026-04-21T06:00:00+00:00","equity":1024.19},{"timestamp":"2026-04-21T07:00:00+00:00","equity":1024.6},{"timestamp":"2026-04-21T08:00:00+00:00","equity":1026.12},{"timestamp":"2026-04-21T09:00:00+00:00","equity":1025.56},{"timestamp":"2026-04-21T10:00:00+00:00","equity":1026.98},{"timestamp":"2026-04-21T11:00:00+00:00","equity":1026.29},{"timestamp":"2026-04-21T12:00:00+00:00","equity":1025.48},{"timestamp":"2026-04-21T13:00:00+00:00","equity":1025.05},{"timestamp":"2026-04-21T14:00:00+00:00","equity":1024.22},{"timestamp":"2026-04-21T15:00:00+00:00","equity":1024.79},{"timestamp":"2026-04-21T16:00:00+00:00","equity":1024.6},{"timestamp":"2026-04-21T17:00:00+00:00","equity":1023.79},{"timestamp":"2026-04-21T18:00:00+00:00","equity":1023.99},{"timestamp":"2026-04-21T19:00:00+00:00","equity":1022.99},{"timestamp":"2026-04-21T20:00:00+00:00","equity":1025.55},{"timestamp":"2026-04-21T21:00:00+00:00","equity":1024.92},{"timestamp":"2026-04-21T22:00:00+00:00","equity":1025.26},{"timestamp":"2026-04-21T23:00:00+00:00","equity":1027.73},{"timestamp":"2026-04-22T00:00:00+00:00","equity":1027.66},{"timestamp":"2026-04-22T01:00:00+00:00","equity":1027.59},{"timestamp":"2026-04-22T02:00:00+00:00","equity":1031.26},{"timestamp":"2026-04-22T03:00:00+00:00","equity":1031.06},{"timestamp":"2026-04-22T04:00:00+00:00","equity":1031.05},{"timestamp":"2026-04-22T05:00:00+00:00","equity":1031.95},{"timestamp":"2026-04-22T06:00:00+00:00","equity":1031.99},{"timestamp":"2026-04-22T07:00:00+00:00","equity":1031.97},{"timestamp":"2026-04-22T08:00:00+00:00","equity":1032.0},{"timestamp":"2026-04-22T09:00:00+00:00","equity":1032.01},{"timestamp":"2026-04-22T10:00:00+00:00","equity":1032.18},{"timestamp":"2026-04-22T11:00:00+00:00","equity":1032.34},{"timestamp":"2026-04-22T12:00:00+00:00","equity":1032.27},{"timestamp":"2026-04-22T13:00:00+00:00","equity":1033.0},{"timestamp":"2026-04-22T14:00:00+00:00","equity":1033.02},{"timestamp":"2026-04-22T15:00:00+00:00","equity":1033.02},{"timestamp":"2026-04-22T16:00:00+00:00","equity":1033.02},{"timestamp":"2026-04-22T17:00:00+00:00","equity":1033.02},{"timestamp":"2026-04-22T18:00:00+00:00","equity":1033.02},{"timestamp":"2026-04-22T19:00:00+00:00","equity":1033.02},{"timestamp":"2026-04-22T20:00:00+00:00","equity":1033.02},{"timestamp":"2026-04-22T21:00:00+00:00","equity":1033.02},{"timestamp":"2026-04-22T22:00:00+00:00","equity":1033.02},{"timestamp":"2026-04-22T23:00:00+00:00","equity":1033.02},{"timestamp":"2026-04-23T00:00:00+00:00","equity":1033.63},{"timestamp":"2026-04-23T01:00:00+00:00","equity":1033.55},{"timestamp":"2026-04-23T02:00:00+00:00","equity":1033.06},{"timestamp":"2026-04-23T03:00:00+00:00","equity":1032.84},{"timestamp":"2026-04-23T04:00:00+00:00","equity":1033.03},{"timestamp":"2026-04-23T05:00:00+00:00","equity":1033.13},{"timestamp":"2026-04-23T06:00:00+00:00","equity":1033.38},{"timestamp":"2026-04-23T07:00:00+00:00","equity":1033.2},{"timestamp":"2026-04-23T08:00:00+00:00","equity":1032.96},{"timestamp":"2026-04-23T09:00:00+00:00","equity":1032.72},{"timestamp":"2026-04-23T10:00:00+00:00","equity":1032.43},{"timestamp":"2026-04-23T11:00:00+00:00","equity":1032.78},{"timestamp":"2026-04-23T12:00:00+00:00","equity":1032.99},{"timestamp":"2026-04-23T13:00:00+00:00","equity":1032.59},{"timestamp":"2026-04-23T14:00:00+00:00","equity":1033.35},{"timestamp":"2026-04-23T15:00:00+00:00","equity":1033.58},{"timestamp":"2026-04-23T16:00:00+00:00","equity":1033.25},{"timestamp":"2026-04-23T17:00:00+00:00","equity":1032.86},{"timestamp":"2026-04-23T18:00:00+00:00","equity":1032.8},{"timestamp":"2026-04-23T19:00:00+00:00","equity":1032.8},{"timestamp":"2026-04-23T20:00:00+00:00","equity":1032.99},{"timestamp":"2026-04-23T21:00:00+00:00","equity":1032.99},{"timestamp":"2026-04-23T22:00:00+00:00","equity":1033.41},{"timestamp":"2026-04-23T23:00:00+00:00","equity":1033.43},{"timestamp":"2026-04-24T00:00:00+00:00","equity":1033.62},{"timestamp":"2026-04-24T01:00:00+00:00","equity":1033.64},{"timestamp":"2026-04-24T02:00:00+00:00","equity":1033.28},{"timestamp":"2026-04-24T03:00:00+00:00","equity":1032.82},{"timestamp":"2026-04-24T04:00:00+00:00","equity":1032.73},{"timestamp":"2026-04-24T05:00:00+00:00","equity":1033.07},{"timestamp":"2026-04-24T06:00:00+00:00","equity":1032.88},{"timestamp":"2026-04-24T07:00:00+00:00","equity":1032.73},{"timestamp":"2026-04-24T08:00:00+00:00","equity":1032.88},{"timestamp":"2026-04-24T09:00:00+00:00","equity":1032.58},{"timestamp":"2026-04-24T10:00:00+00:00","equity":1032.83},{"timestamp":"2026-04-24T11:00:00+00:00","equity":1033.4},{"timestamp":"2026-04-24T12:00:00+00:00","equity":1033.44},{"timestamp":"2026-04-24T13:00:00+00:00","equity":1033.23},{"timestamp":"2026-04-24T14:00:00+00:00","equity":1033.19},{"timestamp":"2026-04-24T15:00:00+00:00","equity":1033.18},{"timestamp":"2026-04-24T16:00:00+00:00","equity":1032.87},{"timestamp":"2026-04-24T17:00:00+00:00","equity":1032.76},{"timestamp":"2026-04-24T18:00:00+00:00","equity":1032.68},{"timestamp":"2026-04-24T19:00:00+00:00","equity":1032.71},{"timestamp":"2026-04-24T20:00:00+00:00","equity":1032.81},{"timestamp":"2026-04-24T21:00:00+00:00","equity":1032.6},{"timestamp":"2026-04-24T22:00:00+00:00","equity":1032.36},{"timestamp":"2026-04-24T23:00:00+00:00","equity":1032.47},{"timestamp":"2026-04-25T00:00:00+00:00","equity":1032.5},{"timestamp":"2026-04-25T01:00:00+00:00","equity":1032.59},{"timestamp":"2026-04-25T02:00:00+00:00","equity":1032.68},{"timestamp":"2026-04-25T03:00:00+00:00","equity":1032.72},{"timestamp":"2026-04-25T04:00:00+00:00","equity":1032.68},{"timestamp":"2026-04-25T05:00:00+00:00","equity":1032.57},{"timestamp":"2026-04-25T06:00:00+00:00","equity":1032.55},{"timestamp":"2026-04-25T07:00:00+00:00","equity":1032.56},{"timestamp":"2026-04-25T08:00:00+00:00","equity":1032.72},{"timestamp":"2026-04-25T09:00:00+00:00","equity":1032.8},{"timestamp":"2026-04-25T10:00:00+00:00","equity":1032.88},{"timestamp":"2026-04-25T11:00:00+00:00","equity":1032.75},{"timestamp":"2026-04-25T12:00:00+00:00","equity":1032.61},{"timestamp":"2026-04-25T13:00:00+00:00","equity":1032.75},{"timestamp":"2026-04-25T14:00:00+00:00","equity":1032.73},{"timestamp":"2026-04-25T15:00:00+00:00","equity":1032.35},{"timestamp":"2026-04-25T16:00:00+00:00","equity":1032.43},{"timestamp":"2026-04-25T17:00:00+00:00","equity":1032.26},{"timestamp":"2026-04-25T18:00:00+00:00","equity":1032.3},{"timestamp":"2026-04-25T19:00:00+00:00","equity":1032.33},{"timestamp":"2026-04-25T20:00:00+00:00","equity":1032.52},{"timestamp":"2026-04-25T21:00:00+00:00","equity":1032.58},{"timestamp":"2026-04-25T22:00:00+00:00","equity":1032.61},{"timestamp":"2026-04-25T23:00:00+00:00","equity":1032.69},{"timestamp":"2026-04-26T00:00:00+00:00","equity":1032.54},{"timestamp":"2026-04-26T01:00:00+00:00","equity":1032.49},{"timestamp":"2026-04-26T02:00:00+00:00","equity":1032.57},{"timestamp":"2026-04-26T03:00:00+00:00","equity":1032.41},{"timestamp":"2026-04-26T04:00:00+00:00","equity":1032.86},{"timestamp":"2026-04-26T05:00:00+00:00","equity":1033.11},{"timestamp":"2026-04-26T06:00:00+00:00","equity":1033.12},{"timestamp":"2026-04-26T07:00:00+00:00","equity":1033.25},{"timestamp":"2026-04-26T08:00:00+00:00","equity":1033.16},{"timestamp":"2026-04-26T09:00:00+00:00","equity":1033.13},{"timestamp":"2026-04-26T10:00:00+00:00","equity":1033.13},{"timestamp":"2026-04-26T11:00:00+00:00","equity":1033.24},{"timestamp":"2026-04-26T12:00:00+00:00","equity":1032.93},{"timestamp":"2026-04-26T13:00:00+00:00","equity":1033.1},{"timestamp":"2026-04-26T14:00:00+00:00","equity":1033.23},{"timestamp":"2026-04-26T15:00:00+00:00","equity":1033.19},{"timestamp":"2026-04-26T16:00:00+00:00","equity":1033.05},{"timestamp":"2026-04-26T17:00:00+00:00","equity":1033.15},{"timestamp":"2026-04-26T18:00:00+00:00","equity":1033.45},{"timestamp":"2026-04-26T19:00:00+00:00","equity":1033.4},{"timestamp":"2026-04-26T20:00:00+00:00","equity":1033.37},{"timestamp":"2026-04-26T21:00:00+00:00","equity":1033.61},{"timestamp":"2026-04-26T22:00:00+00:00","equity":1033.49},{"timestamp":"2026-04-26T23:00:00+00:00","equity":1033.88},{"timestamp":"2026-04-27T00:00:00+00:00","equity":1034.16},{"timestamp":"2026-04-27T01:00:00+00:00","equity":1034.16},{"timestamp":"2026-04-27T02:00:00+00:00","equity":1034.16},{"timestamp":"2026-04-27T03:00:00+00:00","equity":1034.16},{"timestamp":"2026-04-27T04:00:00+00:00","equity":1034.16},{"timestamp":"2026-04-27T05:00:00+00:00","equity":1034.01},{"timestamp":"2026-04-27T06:00:00+00:00","equity":1033.9},{"timestamp":"2026-04-27T07:00:00+00:00","equity":1033.8},{"timestamp":"2026-04-27T08:00:00+00:00","equity":1034.02},{"timestamp":"2026-04-27T09:00:00+00:00","equity":1034.13},{"timestamp":"2026-04-27T10:00:00+00:00","equity":1034.07},{"timestamp":"2026-04-27T11:00:00+00:00","equity":1034.06},{"timestamp":"2026-04-27T12:00:00+00:00","equity":1033.86},{"timestamp":"2026-04-27T13:00:00+00:00","equity":1033.95},{"timestamp":"2026-04-27T14:00:00+00:00","equity":1034.02},{"timestamp":"2026-04-27T15:00:00+00:00","equity":1032.71},{"timestamp":"2026-04-27T16:00:00+00:00","equity":1032.29},{"timestamp":"2026-04-27T17:00:00+00:00","equity":1032.55},{"timestamp":"2026-04-27T18:00:00+00:00","equity":1032.78},{"timestamp":"2026-04-27T19:00:00+00:00","equity":1032.93},{"timestamp":"2026-04-27T20:00:00+00:00","equity":1033.1},{"timestamp":"2026-04-27T21:00:00+00:00","equity":1032.68},{"timestamp":"2026-04-27T22:00:00+00:00","equity":1033.34},{"timestamp":"2026-04-27T23:00:00+00:00","equity":1034.06},{"timestamp":"2026-04-28T00:00:00+00:00","equity":1034.1},{"timestamp":"2026-04-28T01:00:00+00:00","equity":1033.41},{"timestamp":"2026-04-28T02:00:00+00:00","equity":1032.94},{"timestamp":"2026-04-28T03:00:00+00:00","equity":1032.76},{"timestamp":"2026-04-28T04:00:00+00:00","equity":1032.93},{"timestamp":"2026-04-28T05:00:00+00:00","equity":1032.93},{"timestamp":"2026-04-28T06:00:00+00:00","equity":1032.49},{"timestamp":"2026-04-28T07:00:00+00:00","equity":1032.91},{"timestamp":"2026-04-28T08:00:00+00:00","equity":1032.87},{"timestamp":"2026-04-28T09:00:00+00:00","equity":1032.23},{"timestamp":"2026-04-28T10:00:00+00:00","equity":1032.27},{"timestamp":"2026-04-28T11:00:00+00:00","equity":1031.38},{"timestamp":"2026-04-28T12:00:00+00:00","equity":1031.76},{"timestamp":"2026-04-28T13:00:00+00:00","equity":1031.29},{"timestamp":"2026-04-28T14:00:00+00:00","equity":1030.81},{"timestamp":"2026-04-28T15:00:00+00:00","equity":1031.2},{"timestamp":"2026-04-28T16:00:00+00:00","equity":1031.41},{"timestamp":"2026-04-28T17:00:00+00:00","equity":1031.61},{"timestamp":"2026-04-28T18:00:00+00:00","equity":1031.8},{"timestamp":"2026-04-28T19:00:00+00:00","equity":1032.17},{"timestamp":"2026-04-28T20:00:00+00:00","equity":1032.66},{"timestamp":"2026-04-28T21:00:00+00:00","equity":1032.26},{"timestamp":"2026-04-28T22:00:00+00:00","equity":1031.83},{"timestamp":"2026-04-28T23:00:00+00:00","equity":1032.14},{"timestamp":"2026-04-29T00:00:00+00:00","equity":1032.8},{"timestamp":"2026-04-29T01:00:00+00:00","equity":1032.95},{"timestamp":"2026-04-29T02:00:00+00:00","equity":1032.82},{"timestamp":"2026-04-29T03:00:00+00:00","equity":1034.31},{"timestamp":"2026-04-29T04:00:00+00:00","equity":1034.95},{"timestamp":"2026-04-29T05:00:00+00:00","equity":1035.0},{"timestamp":"2026-04-29T06:00:00+00:00","equity":1034.38},{"timestamp":"2026-04-29T07:00:00+00:00","equity":1034.42},{"timestamp":"2026-04-29T08:00:00+00:00","equity":1034.41},{"timestamp":"2026-04-29T09:00:00+00:00","equity":1035.86},{"timestamp":"2026-04-29T10:00:00+00:00","equity":1035.79},{"timestamp":"2026-04-29T11:00:00+00:00","equity":1035.71},{"timestamp":"2026-04-29T12:00:00+00:00","equity":1034.63},{"timestamp":"2026-04-29T13:00:00+00:00","equity":1033.76},{"timestamp":"2026-04-29T14:00:00+00:00","equity":1033.27},{"timestamp":"2026-04-29T15:00:00+00:00","equity":1031.79},{"timestamp":"2026-04-29T16:00:00+00:00","equity":1031.33},{"timestamp":"2026-04-29T17:00:00+00:00","equity":1032.61},{"timestamp":"2026-04-29T18:00:00+00:00","equity":1030.33},{"timestamp":"2026-04-29T19:00:00+00:00","equity":1030.49},{"timestamp":"2026-04-29T20:00:00+00:00","equity":1030.9},{"timestamp":"2026-04-29T21:00:00+00:00","equity":1031.81},{"timestamp":"2026-04-29T22:00:00+00:00","equity":1031.78},{"timestamp":"2026-04-29T23:00:00+00:00","equity":1031.28},{"timestamp":"2026-04-30T00:00:00+00:00","equity":1032.98},{"timestamp":"2026-04-30T01:00:00+00:00","equity":1032.91},{"timestamp":"2026-04-30T02:00:00+00:00","equity":1031.0},{"timestamp":"2026-04-30T03:00:00+00:00","equity":1031.81},{"timestamp":"2026-04-30T04:00:00+00:00","equity":1030.23},{"timestamp":"2026-04-30T05:00:00+00:00","equity":1030.62},{"timestamp":"2026-04-30T06:00:00+00:00","equity":1031.19},{"timestamp":"2026-04-30T07:00:00+00:00","equity":1032.63},{"timestamp":"2026-04-30T08:00:00+00:00","equity":1032.28},{"timestamp":"2026-04-30T09:00:00+00:00","equity":1032.41},{"timestamp":"2026-04-30T10:00:00+00:00","equity":1032.14},{"timestamp":"2026-04-30T11:00:00+00:00","equity":1032.3},{"timestamp":"2026-04-30T12:00:00+00:00","equity":1033.13},{"timestamp":"2026-04-30T13:00:00+00:00","equity":1033.51},{"timestamp":"2026-04-30T14:00:00+00:00","equity":1033.11},{"timestamp":"2026-04-30T15:00:00+00:00","equity":1033.71},{"timestamp":"2026-04-30T16:00:00+00:00","equity":1032.95},{"timestamp":"2026-04-30T17:00:00+00:00","equity":1032.9},{"timestamp":"2026-04-30T18:00:00+00:00","equity":1033.27},{"timestamp":"2026-04-30T19:00:00+00:00","equity":1033.57},{"timestamp":"2026-04-30T20:00:00+00:00","equity":1033.79},{"timestamp":"2026-04-30T21:00:00+00:00","equity":1032.89},{"timestamp":"2026-04-30T22:00:00+00:00","equity":1032.89},{"timestamp":"2026-04-30T23:00:00+00:00","equity":1033.21},{"timestamp":"2026-05-01T00:00:00+00:00","equity":1033.66},{"timestamp":"2026-05-01T01:00:00+00:00","equity":1034.47},{"timestamp":"2026-05-01T02:00:00+00:00","equity":1034.17},{"timestamp":"2026-05-01T03:00:00+00:00","equity":1035.7},{"timestamp":"2026-05-01T04:00:00+00:00","equity":1035.49},{"timestamp":"2026-05-01T05:00:00+00:00","equity":1035.81},{"timestamp":"2026-05-01T06:00:00+00:00","equity":1035.42},{"timestamp":"2026-05-01T07:00:00+00:00","equity":1035.73},{"timestamp":"2026-05-01T08:00:00+00:00","equity":1036.32},{"timestamp":"2026-05-01T09:00:00+00:00","equity":1036.11},{"timestamp":"2026-05-01T10:00:00+00:00","equity":1036.14},{"timestamp":"2026-05-01T11:00:00+00:00","equity":1036.54},{"timestamp":"2026-05-01T12:00:00+00:00","equity":1037.53},{"timestamp":"2026-05-01T13:00:00+00:00","equity":1038.54},{"timestamp":"2026-05-01T14:00:00+00:00","equity":1038.08},{"timestamp":"2026-05-01T15:00:00+00:00","equity":1038.18},{"timestamp":"2026-05-01T16:00:00+00:00","equity":1037.89},{"timestamp":"2026-05-01T17:00:00+00:00","equity":1038.3},{"timestamp":"2026-05-01T18:00:00+00:00","equity":1038.17},{"timestamp":"2026-05-01T19:00:00+00:00","equity":1038.09},{"timestamp":"2026-05-01T20:00:00+00:00","equity":1037.51},{"timestamp":"2026-05-01T21:00:00+00:00","equity":1037.9},{"timestamp":"2026-05-01T22:00:00+00:00","equity":1037.83},{"timestamp":"2026-05-01T23:00:00+00:00","equity":1037.93},{"timestamp":"2026-05-02T00:00:00+00:00","equity":1038.06},{"timestamp":"2026-05-02T01:00:00+00:00","equity":1038.06},{"timestamp":"2026-05-02T02:00:00+00:00","equity":1038.07},{"timestamp":"2026-05-02T03:00:00+00:00","equity":1038.14},{"timestamp":"2026-05-02T04:00:00+00:00","equity":1037.87},{"timestamp":"2026-05-02T05:00:00+00:00","equity":1037.86},{"timestamp":"2026-05-02T06:00:00+00:00","equity":1038.04},{"timestamp":"2026-05-02T07:00:00+00:00","equity":1037.9},{"timestamp":"2026-05-02T08:00:00+00:00","equity":1038.02},{"timestamp":"2026-05-02T09:00:00+00:00","equity":1038.01},{"timestamp":"2026-05-02T10:00:00+00:00","equity":1037.95},{"timestamp":"2026-05-02T11:00:00+00:00","equity":1037.83},{"timestamp":"2026-05-02T12:00:00+00:00","equity":1037.91},{"timestamp":"2026-05-02T13:00:00+00:00","equity":1038.08},{"timestamp":"2026-05-02T14:00:00+00:00","equity":1038.14},{"timestamp":"2026-05-02T15:00:00+00:00","equity":1038.22},{"timestamp":"2026-05-02T16:00:00+00:00","equity":1038.18},{"timestamp":"2026-05-02T17:00:00+00:00","equity":1038.12},{"timestamp":"2026-05-02T18:00:00+00:00","equity":1038.19},{"timestamp":"2026-05-02T19:00:00+00:00","equity":1038.21},{"timestamp":"2026-05-02T20:00:00+00:00","equity":1038.19},{"timestamp":"2026-05-02T21:00:00+00:00","equity":1038.72},{"timestamp":"2026-05-02T22:00:00+00:00","equity":1038.72},{"timestamp":"2026-05-02T23:00:00+00:00","equity":1038.72},{"timestamp":"2026-05-03T00:00:00+00:00","equity":1038.72},{"timestamp":"2026-05-03T01:00:00+00:00","equity":1038.72},{"timestamp":"2026-05-03T02:00:00+00:00","equity":1038.72},{"timestamp":"2026-05-03T03:00:00+00:00","equity":1038.72},{"timestamp":"2026-05-03T04:00:00+00:00","equity":1038.72},{"timestamp":"2026-05-03T05:00:00+00:00","equity":1038.72},{"timestamp":"2026-05-03T06:00:00+00:00","equity":1038.72},{"timestamp":"2026-05-03T07:00:00+00:00","equity":1038.72},{"timestamp":"2026-05-03T08:00:00+00:00","equity":1038.72},{"timestamp":"2026-05-03T09:00:00+00:00","equity":1038.72},{"timestamp":"2026-05-03T10:00:00+00:00","equity":1038.72},{"timestamp":"2026-05-03T11:00:00+00:00","equity":1038.72},{"timestamp":"2026-05-03T12:00:00+00:00","equity":1038.72},{"timestamp":"2026-05-03T13:00:00+00:00","equity":1038.72},{"timestamp":"2026-05-03T14:00:00+00:00","equity":1038.72},{"timestamp":"2026-05-03T15:00:00+00:00","equity":1038.72},{"timestamp":"2026-05-03T16:00:00+00:00","equity":1038.72},{"timestamp":"2026-05-03T17:00:00+00:00","equity":1038.72},{"timestamp":"2026-05-03T18:00:00+00:00","equity":1038.72},{"timestamp":"2026-05-03T19:00:00+00:00","equity":1038.72},{"timestamp":"2026-05-03T20:00:00+00:00","equity":1038.72},{"timestamp":"2026-05-03T21:00:00+00:00","equity":1038.72},{"timestamp":"2026-05-03T22:00:00+00:00","equity":1038.72},{"timestamp":"2026-05-03T23:00:00+00:00","equity":1038.72},{"timestamp":"2026-05-04T00:00:00+00:00","equity":1038.72},{"timestamp":"2026-05-04T01:00:00+00:00","equity":1038.72},{"timestamp":"2026-05-04T02:00:00+00:00","equity":1038.72},{"timestamp":"2026-05-04T03:00:00+00:00","equity":1038.72},{"timestamp":"2026-05-04T04:00:00+00:00","equity":1038.72}],"bar_count":701,"bars":[{"timestamp":"2026-04-05T00:00:00+00:00","open":67280.21875,"high":67297.15625,"low":67166.9375,"close":67169.21875,"volume":0.0},{"timestamp":"2026-04-05T01:00:00+00:00","open":67180.0625,"high":67218.015625,"low":67080.3125,"close":67091.6640625,"volume":87767040.0},{"timestamp":"2026-04-05T02:00:00+00:00","open":67074.1328125,"high":67160.0859375,"low":66981.0390625,"close":67154.7734375,"volume":218042368.0},{"timestamp":"2026-04-05T03:00:00+00:00","open":67152.09375,"high":67169.9921875,"low":67088.21875,"close":67113.9453125,"volume":104395776.0},{"timestamp":"2026-04-05T04:00:00+00:00","open":67117.3671875,"high":67165.34375,"low":67066.0234375,"close":67086.5078125,"volume":0.0},{"timestamp":"2026-04-05T05:00:00+00:00","open":67085.7421875,"high":67130.3203125,"low":66901.8828125,"close":66904.875,"volume":0.0},{"timestamp":"2026-04-05T06:00:00+00:00","open":66912.59375,"high":66922.078125,"low":66615.0390625,"close":66825.3125,"volume":646203392.0},{"timestamp":"2026-04-05T07:00:00+00:00","open":66812.578125,"high":66888.6875,"low":66715.0546875,"close":66795.5,"volume":130007040.0},{"timestamp":"2026-04-05T08:00:00+00:00","open":66793.6015625,"high":66907.5234375,"low":66793.6015625,"close":66907.5234375,"volume":0.0},{"timestamp":"2026-04-05T09:00:00+00:00","open":66907.75,"high":67015.375,"low":66889.0703125,"close":67013.7265625,"volume":150109184.0},{"timestamp":"2026-04-05T10:00:00+00:00","open":66975.5703125,"high":67096.5859375,"low":66954.6875,"close":67033.0078125,"volume":47465472.0},{"timestamp":"2026-04-05T11:00:00+00:00","open":67027.9375,"high":67064.8984375,"low":66955.75,"close":66972.8359375,"volume":0.0},{"timestamp":"2026-04-05T12:00:00+00:00","open":66977.1484375,"high":66977.1484375,"low":66691.171875,"close":66767.5546875,"volume":897463296.0},{"timestamp":"2026-04-05T13:00:00+00:00","open":66771.5390625,"high":66880.171875,"low":66699.7109375,"close":66876.3671875,"volume":227764224.0},{"timestamp":"2026-04-05T14:00:00+00:00","open":66876.9921875,"high":66942.1875,"low":66828.1640625,"close":66906.125,"volume":0.0},{"timestamp":"2026-04-05T15:00:00+00:00","open":66903.1015625,"high":67516.1640625,"low":66823.8828125,"close":67270.234375,"volume":938895360.0},{"timestamp":"2026-04-05T16:00:00+00:00","open":67281.09375,"high":67375.78125,"low":67172.9140625,"close":67188.7421875,"volume":124299264.0},{"timestamp":"2026-04-05T17:00:00+00:00","open":67195.2421875,"high":67365.5234375,"low":67174.0703125,"close":67334.2890625,"volume":0.0},{"timestamp":"2026-04-05T18:00:00+00:00","open":67346.96875,"high":67423.7734375,"low":67269.9140625,"close":67363.9375,"volume":126044160.0},{"timestamp":"2026-04-05T19:00:00+00:00","open":67375.140625,"high":67504.1640625,"low":67271.3828125,"close":67301.609375,"volume":0.0},{"timestamp":"2026-04-05T20:00:00+00:00","open":67331.4921875,"high":67653.4609375,"low":67331.4921875,"close":67613.8515625,"volume":102221824.0},{"timestamp":"2026-04-05T21:00:00+00:00","open":67613.8203125,"high":67618.5703125,"low":67419.2890625,"close":67540.8203125,"volume":356978688.0},{"timestamp":"2026-04-05T22:00:00+00:00","open":67522.359375,"high":68325.484375,"low":67329.8671875,"close":68325.484375,"volume":1236066304.0},{"timestamp":"2026-04-05T23:00:00+00:00","open":68309.328125,"high":69048.203125,"low":68268.671875,"close":68982.9140625,"volume":2669459456.0},{"timestamp":"2026-04-06T00:00:00+00:00","open":68978.9140625,"high":69491.6484375,"low":68978.9140625,"close":69076.7109375,"volume":2418087936.0},{"timestamp":"2026-04-06T01:00:00+00:00","open":69063.71875,"high":69076.625,"low":68782.6484375,"close":68801.5390625,"volume":1045952512.0},{"timestamp":"2026-04-06T02:00:00+00:00","open":68780.3515625,"high":69365.109375,"low":68780.3515625,"close":69227.78125,"volume":1052841984.0},{"timestamp":"2026-04-06T03:00:00+00:00","open":69207.9609375,"high":69217.3671875,"low":69044.9921875,"close":69061.84375,"volume":780525568.0},{"timestamp":"2026-04-06T04:00:00+00:00","open":69082.078125,"high":69173.921875,"low":68963.0859375,"close":69115.71875,"volume":800897024.0},{"timestamp":"2026-04-06T05:00:00+00:00","open":69118.1171875,"high":69200.28125,"low":69089.46875,"close":69170.5234375,"volume":309288960.0},{"timestamp":"2026-04-06T06:00:00+00:00","open":69174.6171875,"high":69316.03125,"low":68824.1796875,"close":68969.6484375,"volume":268292096.0},{"timestamp":"2026-04-06T07:00:00+00:00","open":68954.0078125,"high":69171.8984375,"low":68819.328125,"close":69075.671875,"volume":28657664.0},{"timestamp":"2026-04-06T08:00:00+00:00","open":69089.3203125,"high":69281.40625,"low":69083.1171875,"close":69230.8046875,"volume":1076805632.0},{"timestamp":"2026-04-06T09:00:00+00:00","open":69210.859375,"high":70132.9921875,"low":69200.8828125,"close":69734.3828125,"volume":2754883584.0},{"timestamp":"2026-04-06T10:00:00+00:00","open":69714.0390625,"high":69907.7109375,"low":69714.0390625,"close":69730.765625,"volume":890058752.0},{"timestamp":"2026-04-06T11:00:00+00:00","open":69755.96875,"high":69755.96875,"low":69577.65625,"close":69595.9453125,"volume":369598464.0},{"timestamp":"2026-04-06T12:00:00+00:00","open":69601.015625,"high":69615.703125,"low":69348.5234375,"close":69356.1484375,"volume":69148672.0},{"timestamp":"2026-04-06T13:00:00+00:00","open":69365.3125,"high":69486.828125,"low":69260.03125,"close":69354.2890625,"volume":673017856.0},{"timestamp":"2026-04-06T14:00:00+00:00","open":69366.4375,"high":69762.5703125,"low":69206.546875,"close":69660.390625,"volume":1707786240.0},{"timestamp":"2026-04-06T15:00:00+00:00","open":69645.2578125,"high":69941.1171875,"low":69578.390625,"close":69930.125,"volume":0.0},{"timestamp":"2026-04-06T16:00:00+00:00","open":69947.6875,"high":70237.1015625,"low":69834.8359375,"close":69834.8359375,"volume":1390653440.0},{"timestamp":"2026-04-06T17:00:00+00:00","open":69800.9921875,"high":69800.9921875,"low":69283.7578125,"close":69563.90625,"volume":1401937920.0},{"timestamp":"2026-04-06T18:00:00+00:00","open":69563.015625,"high":69912.4375,"low":69494.59375,"close":69884.3203125,"volume":826048512.0},{"timestamp":"2026-04-06T19:00:00+00:00","open":69887.515625,"high":69887.515625,"low":69603.796875,"close":69704.140625,"volume":532942848.0},{"timestamp":"2026-04-06T20:00:00+00:00","open":69733.0,"high":69973.8203125,"low":69619.25,"close":69839.546875,"volume":0.0},{"timestamp":"2026-04-06T21:00:00+00:00","open":69828.203125,"high":69828.203125,"low":69464.78125,"close":69522.0,"volume":447565824.0},{"timestamp":"2026-04-06T22:00:00+00:00","open":69471.375,"high":69558.8984375,"low":68900.90625,"close":68918.875,"volume":0.0},{"timestamp":"2026-04-06T23:00:00+00:00","open":68814.5546875,"high":68896.75,"low":68367.84375,"close":68859.375,"volume":6565888.0},{"timestamp":"2026-04-07T00:00:00+00:00","open":68860.4609375,"high":69035.9765625,"low":68749.859375,"close":68834.3125,"volume":0.0},{"timestamp":"2026-04-07T01:00:00+00:00","open":68786.0546875,"high":68833.0234375,"low":68372.65625,"close":68407.5,"volume":0.0},{"timestamp":"2026-04-07T02:00:00+00:00","open":68413.4921875,"high":68682.9765625,"low":68286.8046875,"close":68668.671875,"volume":0.0},{"timestamp":"2026-04-07T03:00:00+00:00","open":68672.4375,"high":68777.5859375,"low":68630.9375,"close":68756.09375,"volume":152686592.0},{"timestamp":"2026-04-07T04:00:00+00:00","open":68761.765625,"high":68964.1953125,"low":68544.8125,"close":68876.296875,"volume":0.0},{"timestamp":"2026-04-07T05:00:00+00:00","open":68841.0078125,"high":68841.0078125,"low":68623.734375,"close":68623.734375,"volume":0.0},{"timestamp":"2026-04-07T06:00:00+00:00","open":68632.859375,"high":68638.40625,"low":68432.515625,"close":68559.765625,"volume":0.0},{"timestamp":"2026-04-07T07:00:00+00:00","open":68557.8671875,"high":68679.46875,"low":68491.7734375,"close":68632.78125,"volume":0.0},{"timestamp":"2026-04-07T08:00:00+00:00","open":68618.9140625,"high":68961.609375,"low":68616.34375,"close":68945.296875,"volume":0.0},{"timestamp":"2026-04-07T09:00:00+00:00","open":68945.3984375,"high":69215.59375,"low":68941.453125,"close":69144.3359375,"volume":0.0},{"timestamp":"2026-04-07T10:00:00+00:00","open":69150.4921875,"high":69178.546875,"low":68220.5625,"close":68233.8515625,"volume":133443584.0},{"timestamp":"2026-04-07T11:00:00+00:00","open":68225.6640625,"high":68424.375,"low":68075.421875,"close":68356.046875,"volume":499269632.0},{"timestamp":"2026-04-07T12:00:00+00:00","open":68342.5,"high":68456.1875,"low":68092.734375,"close":68412.96875,"volume":0.0},{"timestamp":"2026-04-07T13:00:00+00:00","open":68379.7890625,"high":68611.0234375,"low":68205.890625,"close":68254.234375,"volume":1097029632.0},{"timestamp":"2026-04-07T14:00:00+00:00","open":68232.203125,"high":68232.203125,"low":67798.203125,"close":67916.6953125,"volume":0.0},{"timestamp":"2026-04-07T15:00:00+00:00","open":67856.078125,"high":68175.578125,"low":67755.734375,"close":68141.9921875,"volume":1760526336.0},{"timestamp":"2026-04-07T16:00:00+00:00","open":68151.7109375,"high":68366.703125,"low":68102.5546875,"close":68216.5859375,"volume":0.0},{"timestamp":"2026-04-07T17:00:00+00:00","open":68213.9296875,"high":68783.3515625,"low":68197.21875,"close":68707.1875,"volume":0.0},{"timestamp":"2026-04-07T18:00:00+00:00","open":68692.15625,"high":68745.515625,"low":68348.3125,"close":68426.2734375,"volume":93362176.0},{"timestamp":"2026-04-07T19:00:00+00:00","open":68428.25,"high":69064.8359375,"low":68372.921875,"close":68958.59375,"volume":1083127808.0},{"timestamp":"2026-04-07T20:00:00+00:00","open":69001.296875,"high":69502.0703125,"low":69001.296875,"close":69281.7109375,"volume":1242095616.0},{"timestamp":"2026-04-07T21:00:00+00:00","open":69301.40625,"high":70160.59375,"low":69301.40625,"close":69908.7421875,"volume":1996890112.0},{"timestamp":"2026-04-07T22:00:00+00:00","open":69911.75,"high":71430.3515625,"low":69911.75,"close":71430.3515625,"volume":3171405824.0},{"timestamp":"2026-04-07T23:00:00+00:00","open":71482.6015625,"high":72484.7734375,"low":71232.0703125,"close":71950.1484375,"volume":3808813056.0},{"timestamp":"2026-04-08T00:00:00+00:00","open":71926.15625,"high":72057.078125,"low":71556.203125,"close":71673.5703125,"volume":1310101504.0},{"timestamp":"2026-04-08T01:00:00+00:00","open":71688.7890625,"high":71729.0,"low":71454.5234375,"close":71457.9453125,"volume":169504768.0},{"timestamp":"2026-04-08T02:00:00+00:00","open":71462.34375,"high":71700.5625,"low":71276.15625,"close":71323.6015625,"volume":903651328.0},{"timestamp":"2026-04-08T03:00:00+00:00","open":71322.296875,"high":71466.1875,"low":71273.4453125,"close":71289.5078125,"volume":332660736.0},{"timestamp":"2026-04-08T04:00:00+00:00","open":71286.9296875,"high":71631.9765625,"low":71286.9296875,"close":71588.4609375,"volume":481091584.0},{"timestamp":"2026-04-08T05:00:00+00:00","open":71566.6953125,"high":71793.8671875,"low":71550.8359375,"close":71718.125,"volume":623226880.0},{"timestamp":"2026-04-08T06:00:00+00:00","open":71714.875,"high":71911.2734375,"low":71601.90625,"close":71720.1875,"volume":66224128.0},{"timestamp":"2026-04-08T07:00:00+00:00","open":71712.5703125,"high":71882.296875,"low":71601.6328125,"close":71608.8203125,"volume":1684774912.0},{"timestamp":"2026-04-08T08:00:00+00:00","open":71628.890625,"high":71814.53125,"low":71628.890625,"close":71759.0546875,"volume":329363456.0},{"timestamp":"2026-04-08T09:00:00+00:00","open":71787.71875,"high":71932.7578125,"low":71592.203125,"close":71679.1796875,"volume":0.0},{"timestamp":"2026-04-08T10:00:00+00:00","open":71672.5546875,"high":71714.15625,"low":71476.21875,"close":71491.28125,"volume":0.0},{"timestamp":"2026-04-08T11:00:00+00:00","open":71484.3203125,"high":71711.5390625,"low":71417.4609375,"close":71665.8984375,"volume":102031360.0},{"timestamp":"2026-04-08T12:00:00+00:00","open":71671.8984375,"high":72078.859375,"low":71634.3203125,"close":72078.859375,"volume":316997632.0},{"timestamp":"2026-04-08T13:00:00+00:00","open":72072.5859375,"high":72739.1796875,"low":71523.8359375,"close":71523.8359375,"volume":2873823232.0},{"timestamp":"2026-04-08T14:00:00+00:00","open":71598.1171875,"high":71704.453125,"low":70754.125,"close":70838.4921875,"volume":940003328.0},{"timestamp":"2026-04-08T15:00:00+00:00","open":70868.1171875,"high":71326.078125,"low":70868.1171875,"close":71301.046875,"volume":307560448.0},{"timestamp":"2026-04-08T16:00:00+00:00","open":71295.5390625,"high":71637.2734375,"low":71272.5546875,"close":71619.1796875,"volume":137367552.0},{"timestamp":"2026-04-08T17:00:00+00:00","open":71600.4765625,"high":71937.984375,"low":71509.0546875,"close":71910.0546875,"volume":182030336.0},{"timestamp":"2026-04-08T18:00:00+00:00","open":71885.625,"high":71885.625,"low":71107.8828125,"close":71126.171875,"volume":246755328.0},{"timestamp":"2026-04-08T19:00:00+00:00","open":71090.7734375,"high":71353.8671875,"low":71078.375,"close":71301.3984375,"volume":0.0},{"timestamp":"2026-04-08T20:00:00+00:00","open":71319.5703125,"high":71480.0234375,"low":71289.65625,"close":71367.4765625,"volume":0.0},{"timestamp":"2026-04-08T21:00:00+00:00","open":71353.890625,"high":71721.1015625,"low":71339.625,"close":71518.7890625,"volume":0.0},{"timestamp":"2026-04-08T22:00:00+00:00","open":71546.6796875,"high":71546.6796875,"low":71088.3046875,"close":71088.3046875,"volume":0.0},{"timestamp":"2026-04-08T23:00:00+00:00","open":70972.7578125,"high":71164.3984375,"low":70923.90625,"close":71115.125,"volume":0.0},{"timestamp":"2026-04-09T00:00:00+00:00","open":71093.7578125,"high":71093.7578125,"low":70688.7890625,"close":70834.7734375,"volume":0.0},{"timestamp":"2026-04-09T01:00:00+00:00","open":70810.5703125,"high":70918.890625,"low":70528.3125,"close":70911.1875,"volume":0.0},{"timestamp":"2026-04-09T02:00:00+00:00","open":70920.3984375,"high":71157.859375,"low":70820.84375,"close":71069.421875,"volume":0.0},{"timestamp":"2026-04-09T03:00:00+00:00","open":71036.3046875,"high":71085.8671875,"low":70860.5390625,"close":70979.9140625,"volume":249393152.0},{"timestamp":"2026-04-09T04:00:00+00:00","open":70984.984375,"high":70992.3046875,"low":70766.5390625,"close":70766.5390625,"volume":0.0},{"timestamp":"2026-04-09T05:00:00+00:00","open":70758.9765625,"high":71077.4921875,"low":70730.6796875,"close":70972.8203125,"volume":0.0},{"timestamp":"2026-04-09T06:00:00+00:00","open":70975.71875,"high":71069.796875,"low":70854.921875,"close":71009.359375,"volume":0.0},{"timestamp":"2026-04-09T07:00:00+00:00","open":71023.703125,"high":71076.234375,"low":70964.1015625,"close":70964.1015625,"volume":0.0},{"timestamp":"2026-04-09T08:00:00+00:00","open":70968.703125,"high":71333.6875,"low":70901.5625,"close":71245.546875,"volume":0.0},{"timestamp":"2026-04-09T09:00:00+00:00","open":71258.9921875,"high":71536.890625,"low":71120.1640625,"close":71505.09375,"volume":0.0},{"timestamp":"2026-04-09T10:00:00+00:00","open":71503.3359375,"high":71503.3359375,"low":71292.984375,"close":71292.984375,"volume":0.0},{"timestamp":"2026-04-09T11:00:00+00:00","open":71287.6953125,"high":71321.0703125,"low":71080.546875,"close":71157.0078125,"volume":0.0},{"timestamp":"2026-04-09T12:00:00+00:00","open":71151.8515625,"high":71270.9375,"low":71059.296875,"close":71269.7109375,"volume":0.0},{"timestamp":"2026-04-09T13:00:00+00:00","open":71267.5859375,"high":71267.5859375,"low":70650.7890625,"close":70812.71875,"volume":0.0},{"timestamp":"2026-04-09T14:00:00+00:00","open":70796.671875,"high":71200.6640625,"low":70549.265625,"close":71116.171875,"volume":0.0},{"timestamp":"2026-04-09T15:00:00+00:00","open":71124.2421875,"high":72317.9921875,"low":70938.3984375,"close":72103.4296875,"volume":1492318208.0},{"timestamp":"2026-04-09T16:00:00+00:00","open":72122.2265625,"high":72345.6875,"low":71784.3515625,"close":72019.4765625,"volume":1328070656.0},{"timestamp":"2026-04-09T17:00:00+00:00","open":72262.65625,"high":72519.0859375,"low":72132.3828125,"close":72345.8828125,"volume":872480768.0},{"timestamp":"2026-04-09T18:00:00+00:00","open":72293.109375,"high":72293.109375,"low":71774.890625,"close":71886.0859375,"volume":0.0},{"timestamp":"2026-04-09T19:00:00+00:00","open":71890.2578125,"high":72252.6484375,"low":71785.296875,"close":72090.484375,"volume":0.0},{"timestamp":"2026-04-09T20:00:00+00:00","open":72109.1328125,"high":72436.1328125,"low":72037.734375,"close":72390.7109375,"volume":1248124928.0},{"timestamp":"2026-04-09T21:00:00+00:00","open":72414.75,"high":72651.953125,"low":72178.1171875,"close":72256.9765625,"volume":485777408.0},{"timestamp":"2026-04-09T22:00:00+00:00","open":72258.2578125,"high":73004.65625,"low":72041.1171875,"close":72041.1171875,"volume":1449922560.0},{"timestamp":"2026-04-09T23:00:00+00:00","open":71962.484375,"high":72000.1171875,"low":71637.8125,"close":71774.3671875,"volume":609611776.0},{"timestamp":"2026-04-10T00:00:00+00:00","open":71783.515625,"high":72004.9296875,"low":71609.296875,"close":71907.890625,"volume":271847424.0},{"timestamp":"2026-04-10T01:00:00+00:00","open":71932.625,"high":72377.25,"low":71730.296875,"close":72172.6484375,"volume":403632128.0},{"timestamp":"2026-04-10T02:00:00+00:00","open":72166.3984375,"high":72281.828125,"low":71928.1953125,"close":71953.8515625,"volume":0.0},{"timestamp":"2026-04-10T03:00:00+00:00","open":71961.484375,"high":71974.7890625,"low":71817.3515625,"close":71866.9375,"volume":0.0},{"timestamp":"2026-04-10T04:00:00+00:00","open":71888.7265625,"high":72114.984375,"low":71845.609375,"close":72075.203125,"volume":367677440.0},{"timestamp":"2026-04-10T05:00:00+00:00","open":72101.890625,"high":72255.078125,"low":72027.4140625,"close":72110.9609375,"volume":370974720.0},{"timestamp":"2026-04-10T06:00:00+00:00","open":72124.4765625,"high":72148.390625,"low":71804.453125,"close":71818.6171875,"volume":0.0},{"timestamp":"2026-04-10T07:00:00+00:00","open":71817.7890625,"high":71827.6640625,"low":71445.828125,"close":71474.5234375,"volume":0.0},{"timestamp":"2026-04-10T08:00:00+00:00","open":71484.5546875,"high":71747.3671875,"low":71444.78125,"close":71601.859375,"volume":250580992.0},{"timestamp":"2026-04-10T09:00:00+00:00","open":71607.3828125,"high":71853.765625,"low":71597.328125,"close":71796.2734375,"volume":0.0},{"timestamp":"2026-04-10T10:00:00+00:00","open":71790.0390625,"high":71927.125,"low":71724.765625,"close":71927.125,"volume":0.0},{"timestamp":"2026-04-10T11:00:00+00:00","open":71914.7734375,"high":72250.0703125,"low":71914.7734375,"close":72120.9609375,"volume":588943360.0},{"timestamp":"2026-04-10T12:00:00+00:00","open":72123.65625,"high":72420.3515625,"low":72051.0234375,"close":72259.9296875,"volume":67821568.0},{"timestamp":"2026-04-10T13:00:00+00:00","open":72259.9375,"high":72353.125,"low":71946.921875,"close":72353.125,"volume":655417344.0},{"timestamp":"2026-04-10T14:00:00+00:00","open":72328.6796875,"high":73117.5390625,"low":72328.6796875,"close":72902.0234375,"volume":2228338688.0},{"timestamp":"2026-04-10T15:00:00+00:00","open":72958.8125,"high":73289.9140625,"low":72403.5390625,"close":72403.5390625,"volume":0.0},{"timestamp":"2026-04-10T16:00:00+00:00","open":72431.109375,"high":73034.765625,"low":72420.078125,"close":73034.765625,"volume":0.0},{"timestamp":"2026-04-10T17:00:00+00:00","open":73002.578125,"high":73114.03125,"low":72838.140625,"close":73101.09375,"volume":0.0},{"timestamp":"2026-04-10T18:00:00+00:00","open":73134.140625,"high":73134.140625,"low":72913.828125,"close":73114.046875,"volume":0.0},{"timestamp":"2026-04-10T19:00:00+00:00","open":73118.453125,"high":73263.1015625,"low":72945.1015625,"close":73234.4453125,"volume":53522432.0},{"timestamp":"2026-04-10T20:00:00+00:00","open":73218.1953125,"high":73421.8125,"low":73081.796875,"close":73377.0703125,"volume":496521216.0},{"timestamp":"2026-04-10T21:00:00+00:00","open":73371.953125,"high":73371.953125,"low":72993.9296875,"close":73203.6953125,"volume":0.0},{"timestamp":"2026-04-10T22:00:00+00:00","open":73202.296875,"high":73223.703125,"low":72834.515625,"close":72919.671875,"volume":0.0},{"timestamp":"2026-04-10T23:00:00+00:00","open":72908.984375,"high":72976.125,"low":72822.1328125,"close":72976.125,"volume":9138176.0},{"timestamp":"2026-04-11T00:00:00+00:00","open":72974.1953125,"high":72974.1953125,"low":72829.4453125,"close":72841.375,"volume":0.0},{"timestamp":"2026-04-11T01:00:00+00:00","open":72844.015625,"high":73003.703125,"low":72722.609375,"close":72955.96875,"volume":0.0},{"timestamp":"2026-04-11T02:00:00+00:00","open":72954.3125,"high":73116.5234375,"low":72946.8203125,"close":72984.203125,"volume":27906048.0},{"timestamp":"2026-04-11T03:00:00+00:00","open":72981.1484375,"high":73098.7265625,"low":72867.390625,"close":72867.390625,"volume":0.0},{"timestamp":"2026-04-11T04:00:00+00:00","open":72886.9375,"high":72972.625,"low":72738.515625,"close":72824.890625,"volume":0.0},{"timestamp":"2026-04-11T05:00:00+00:00","open":72843.453125,"high":72862.75,"low":72706.6484375,"close":72759.265625,"volume":0.0},{"timestamp":"2026-04-11T06:00:00+00:00","open":72744.8828125,"high":72801.0859375,"low":72676.46875,"close":72801.0859375,"volume":0.0},{"timestamp":"2026-04-11T07:00:00+00:00","open":72794.328125,"high":72848.59375,"low":72719.5390625,"close":72738.2890625,"volume":0.0},{"timestamp":"2026-04-11T08:00:00+00:00","open":72768.2421875,"high":72820.59375,"low":72681.109375,"close":72715.7109375,"volume":0.0},{"timestamp":"2026-04-11T09:00:00+00:00","open":72704.0703125,"high":72917.6328125,"low":72659.4375,"close":72913.359375,"volume":0.0},{"timestamp":"2026-04-11T10:00:00+00:00","open":72937.609375,"high":72938.2265625,"low":72797.5703125,"close":72864.703125,"volume":0.0},{"timestamp":"2026-04-11T11:00:00+00:00","open":72861.7109375,"high":72945.75,"low":72858.3828125,"close":72925.703125,"volume":0.0},{"timestamp":"2026-04-11T12:00:00+00:00","open":72923.6796875,"high":73003.6796875,"low":72846.046875,"close":72967.8203125,"volume":0.0},{"timestamp":"2026-04-11T13:00:00+00:00","open":72844.8203125,"high":72847.7890625,"low":72594.53125,"close":72701.921875,"volume":0.0},{"timestamp":"2026-04-11T14:00:00+00:00","open":72693.8984375,"high":72771.796875,"low":72638.1796875,"close":72745.453125,"volume":0.0},{"timestamp":"2026-04-11T15:00:00+00:00","open":72745.6171875,"high":72883.3125,"low":72712.1953125,"close":72880.890625,"volume":0.0},{"timestamp":"2026-04-11T16:00:00+00:00","open":72886.515625,"high":73199.65625,"low":72850.484375,"close":73102.703125,"volume":0.0},{"timestamp":"2026-04-11T17:00:00+00:00","open":73080.1640625,"high":73178.5859375,"low":72978.109375,"close":73097.2109375,"volume":0.0},{"timestamp":"2026-04-11T18:00:00+00:00","open":73106.21875,"high":73700.171875,"low":73073.71875,"close":73544.5703125,"volume":224630784.0},{"timestamp":"2026-04-11T19:00:00+00:00","open":73555.78125,"high":73724.78125,"low":73514.65625,"close":73683.421875,"volume":0.0},{"timestamp":"2026-04-11T20:00:00+00:00","open":73687.1015625,"high":73687.1015625,"low":73284.3515625,"close":73331.3046875,"volume":0.0},{"timestamp":"2026-04-11T21:00:00+00:00","open":73324.375,"high":73539.8203125,"low":73272.140625,"close":73476.75,"volume":0.0},{"timestamp":"2026-04-11T22:00:00+00:00","open":73449.1328125,"high":73550.828125,"low":73270.546875,"close":73388.0546875,"volume":0.0},{"timestamp":"2026-04-11T23:00:00+00:00","open":73390.8125,"high":73390.8125,"low":72963.15625,"close":73056.046875,"volume":352256.0},{"timestamp":"2026-04-12T00:00:00+00:00","open":73057.15625,"high":73124.0859375,"low":72932.578125,"close":73068.3828125,"volume":0.0},{"timestamp":"2026-04-12T01:00:00+00:00","open":73083.3515625,"high":73141.5,"low":71527.5625,"close":71666.203125,"volume":2032969728.0},{"timestamp":"2026-04-12T02:00:00+00:00","open":71662.8671875,"high":71961.015625,"low":71464.046875,"close":71810.359375,"volume":920907776.0},{"timestamp":"2026-04-12T03:00:00+00:00","open":71790.203125,"high":71860.9296875,"low":71626.78125,"close":71660.0546875,"volume":144060416.0},{"timestamp":"2026-04-12T04:00:00+00:00","open":71621.7890625,"high":71678.65625,"low":71481.25,"close":71490.046875,"volume":257187840.0},{"timestamp":"2026-04-12T05:00:00+00:00","open":71487.3984375,"high":71785.1328125,"low":71487.3984375,"close":71740.96875,"volume":396326912.0},{"timestamp":"2026-04-12T06:00:00+00:00","open":71735.875,"high":71762.03125,"low":71663.28125,"close":71675.6640625,"volume":18329600.0},{"timestamp":"2026-04-12T07:00:00+00:00","open":71673.453125,"high":71765.0234375,"low":71612.8359375,"close":71747.28125,"volume":0.0},{"timestamp":"2026-04-12T08:00:00+00:00","open":71712.4296875,"high":71789.8125,"low":71625.328125,"close":71639.640625,"volume":692613120.0},{"timestamp":"2026-04-12T09:00:00+00:00","open":71650.3359375,"high":71654.359375,"low":71543.8046875,"close":71561.8203125,"volume":94949376.0},{"timestamp":"2026-04-12T10:00:00+00:00","open":71563.4296875,"high":71676.1875,"low":71405.109375,"close":71458.2734375,"volume":101920768.0},{"timestamp":"2026-04-12T11:00:00+00:00","open":71465.1640625,"high":71545.5546875,"low":71448.3203125,"close":71494.46875,"volume":383551488.0},{"timestamp":"2026-04-12T12:00:00+00:00","open":71493.9921875,"high":71515.1484375,"low":71129.40625,"close":71158.734375,"volume":516511744.0},{"timestamp":"2026-04-12T13:00:00+00:00","open":71004.1640625,"high":71102.6796875,"low":70895.84375,"close":70895.84375,"volume":687714304.0},{"timestamp":"2026-04-12T14:00:00+00:00","open":70906.40625,"high":71084.5546875,"low":70739.6015625,"close":70807.34375,"volume":594534400.0},{"timestamp":"2026-04-12T15:00:00+00:00","open":70768.640625,"high":70944.4453125,"low":70721.7890625,"close":70906.8203125,"volume":588967936.0},{"timestamp":"2026-04-12T16:00:00+00:00","open":70886.1015625,"high":70959.578125,"low":70856.4140625,"close":70902.7578125,"volume":0.0},{"timestamp":"2026-04-12T17:00:00+00:00","open":70958.9921875,"high":71198.3984375,"low":70934.234375,"close":71143.1328125,"volume":97961984.0},{"timestamp":"2026-04-12T18:00:00+00:00","open":71125.421875,"high":71221.2109375,"low":71091.5625,"close":71161.0703125,"volume":0.0},{"timestamp":"2026-04-12T19:00:00+00:00","open":71158.640625,"high":71234.3046875,"low":71081.5859375,"close":71114.7265625,"volume":0.0},{"timestamp":"2026-04-12T20:00:00+00:00","open":71110.75,"high":71431.6953125,"low":70971.484375,"close":71359.3984375,"volume":137883648.0},{"timestamp":"2026-04-12T21:00:00+00:00","open":71349.5390625,"high":71452.2265625,"low":71228.7109375,"close":71284.375,"volume":0.0},{"timestamp":"2026-04-12T22:00:00+00:00","open":71345.109375,"high":71345.109375,"low":70593.453125,"close":70901.7890625,"volume":1398806528.0},{"timestamp":"2026-04-12T23:00:00+00:00","open":70917.5625,"high":70917.5625,"low":70581.140625,"close":70757.6171875,"volume":224360448.0},{"timestamp":"2026-04-13T00:00:00+00:00","open":70741.296875,"high":71229.5703125,"low":70629.453125,"close":71159.4609375,"volume":292968448.0},{"timestamp":"2026-04-13T01:00:00+00:00","open":71174.0625,"high":71224.4453125,"low":71064.9140625,"close":71221.5,"volume":0.0},{"timestamp":"2026-04-13T02:00:00+00:00","open":71199.1796875,"high":71264.46875,"low":71013.8515625,"close":71080.9375,"volume":0.0},{"timestamp":"2026-04-13T03:00:00+00:00","open":71063.625,"high":71126.6328125,"low":70951.0078125,"close":70989.6875,"volume":0.0},{"timestamp":"2026-04-13T04:00:00+00:00","open":70981.3125,"high":71120.4453125,"low":70866.296875,"close":70932.84375,"volume":450109440.0},{"timestamp":"2026-04-13T05:00:00+00:00","open":70904.03125,"high":70916.1796875,"low":70713.4921875,"close":70857.4375,"volume":975269888.0},{"timestamp":"2026-04-13T06:00:00+00:00","open":70870.625,"high":71077.578125,"low":70870.625,"close":71064.859375,"volume":1428049920.0},{"timestamp":"2026-04-13T07:00:00+00:00","open":71043.46875,"high":71043.46875,"low":70699.671875,"close":70831.3125,"volume":1218619392.0},{"timestamp":"2026-04-13T08:00:00+00:00","open":70810.34375,"high":70846.5078125,"low":70588.5234375,"close":70667.7890625,"volume":1922785280.0},{"timestamp":"2026-04-13T09:00:00+00:00","open":70667.7890625,"high":70881.15625,"low":70667.7890625,"close":70789.25,"volume":0.0},{"timestamp":"2026-04-13T10:00:00+00:00","open":70791.625,"high":70835.046875,"low":70727.5,"close":70745.5390625,"volume":0.0},{"timestamp":"2026-04-13T11:00:00+00:00","open":70738.1796875,"high":70960.5546875,"low":70738.1796875,"close":70947.2109375,"volume":256931840.0},{"timestamp":"2026-04-13T12:00:00+00:00","open":70883.4453125,"high":71195.453125,"low":70788.5,"close":71102.421875,"volume":43233280.0},{"timestamp":"2026-04-13T13:00:00+00:00","open":71127.4453125,"high":71608.9296875,"low":70859.5234375,"close":71608.9296875,"volume":1137176576.0},{"timestamp":"2026-04-13T14:00:00+00:00","open":71657.2890625,"high":72420.1171875,"low":71485.4453125,"close":72420.1171875,"volume":2789216256.0},{"timestamp":"2026-04-13T15:00:00+00:00","open":72408.421875,"high":72408.421875,"low":71691.8515625,"close":71838.046875,"volume":2246270976.0},{"timestamp":"2026-04-13T16:00:00+00:00","open":71909.3828125,"high":72436.6171875,"low":71821.390625,"close":72204.7265625,"volume":2313646080.0},{"timestamp":"2026-04-13T17:00:00+00:00","open":72187.40625,"high":72560.015625,"low":72151.6171875,"close":72153.3984375,"volume":2198884352.0},{"timestamp":"2026-04-13T18:00:00+00:00","open":72168.9765625,"high":72457.6875,"low":72101.75,"close":72457.6875,"volume":1392091136.0},{"timestamp":"2026-04-13T19:00:00+00:00","open":72454.0078125,"high":73472.53125,"low":72327.703125,"close":73373.984375,"volume":3468292096.0},{"timestamp":"2026-04-13T20:00:00+00:00","open":73379.046875,"high":73379.046875,"low":73046.53125,"close":73204.078125,"volume":1933516800.0},{"timestamp":"2026-04-13T21:00:00+00:00","open":73182.1171875,"high":73338.9609375,"low":73137.4140625,"close":73229.1640625,"volume":616419328.0},{"timestamp":"2026-04-13T22:00:00+00:00","open":73208.84375,"high":74699.296875,"low":73208.84375,"close":74640.609375,"volume":2595000320.0},{"timestamp":"2026-04-13T23:00:00+00:00","open":74546.9921875,"high":74856.671875,"low":74485.984375,"close":74532.7421875,"volume":2946129920.0},{"timestamp":"2026-04-14T00:00:00+00:00","open":74442.2265625,"high":74504.140625,"low":74162.0234375,"close":74162.0234375,"volume":108036096.0},{"timestamp":"2026-04-14T01:00:00+00:00","open":74145.921875,"high":74427.2734375,"low":74074.78125,"close":74378.9921875,"volume":2039922688.0},{"timestamp":"2026-04-14T02:00:00+00:00","open":74404.7109375,"high":74566.109375,"low":74317.484375,"close":74374.3671875,"volume":0.0},{"timestamp":"2026-04-14T03:00:00+00:00","open":74365.78125,"high":74499.0078125,"low":74291.6796875,"close":74454.3828125,"volume":392503296.0},{"timestamp":"2026-04-14T04:00:00+00:00","open":74450.8515625,"high":74512.1640625,"low":74391.2421875,"close":74397.703125,"volume":0.0},{"timestamp":"2026-04-14T05:00:00+00:00","open":74393.7578125,"high":74418.0859375,"low":74192.1875,"close":74209.84375,"volume":0.0},{"timestamp":"2026-04-14T06:00:00+00:00","open":74312.171875,"high":74565.7734375,"low":74299.1484375,"close":74565.7734375,"volume":238682112.0},{"timestamp":"2026-04-14T07:00:00+00:00","open":74551.2734375,"high":74930.4296875,"low":74511.1953125,"close":74547.5546875,"volume":1304555520.0},{"timestamp":"2026-04-14T08:00:00+00:00","open":74547.046875,"high":74901.6875,"low":74510.515625,"close":74776.1640625,"volume":905838592.0},{"timestamp":"2026-04-14T09:00:00+00:00","open":74770.9375,"high":74845.84375,"low":74469.1640625,"close":74538.09375,"volume":705634304.0},{"timestamp":"2026-04-14T10:00:00+00:00","open":74506.390625,"high":74638.0703125,"low":74363.4921875,"close":74423.4453125,"volume":603942912.0},{"timestamp":"2026-04-14T11:00:00+00:00","open":74395.28125,"high":74465.9609375,"low":74333.2734375,"close":74456.0,"volume":460406784.0},{"timestamp":"2026-04-14T12:00:00+00:00","open":74398.828125,"high":74457.5859375,"low":74297.015625,"close":74457.5859375,"volume":120107008.0},{"timestamp":"2026-04-14T13:00:00+00:00","open":74455.375,"high":75495.4765625,"low":74455.375,"close":75490.3984375,"volume":1937948672.0},{"timestamp":"2026-04-14T14:00:00+00:00","open":75532.8046875,"high":76009.03125,"low":75180.125,"close":75180.125,"volume":3226267648.0},{"timestamp":"2026-04-14T15:00:00+00:00","open":75090.1796875,"high":75423.8984375,"low":74743.2890625,"close":75367.1640625,"volume":628752384.0},{"timestamp":"2026-04-14T16:00:00+00:00","open":75390.9609375,"high":75666.0390625,"low":74566.21875,"close":74566.21875,"volume":0.0},{"timestamp":"2026-04-14T17:00:00+00:00","open":74653.4140625,"high":74947.6328125,"low":74332.015625,"close":74766.5,"volume":0.0},{"timestamp":"2026-04-14T18:00:00+00:00","open":74806.2109375,"high":74809.5546875,"low":73946.8515625,"close":74097.0625,"volume":653688832.0},{"timestamp":"2026-04-14T19:00:00+00:00","open":74132.796875,"high":74403.9296875,"low":73960.7578125,"close":74265.8984375,"volume":0.0},{"timestamp":"2026-04-14T20:00:00+00:00","open":74329.203125,"high":74423.1484375,"low":74052.28125,"close":74052.28125,"volume":0.0},{"timestamp":"2026-04-14T21:00:00+00:00","open":74157.2109375,"high":74343.96875,"low":73982.46875,"close":74315.2890625,"volume":0.0},{"timestamp":"2026-04-14T22:00:00+00:00","open":74272.21875,"high":74413.2109375,"low":73905.1796875,"close":74067.359375,"volume":0.0},{"timestamp":"2026-04-14T23:00:00+00:00","open":74067.3203125,"high":74269.2578125,"low":74046.1796875,"close":74186.5390625,"volume":73728.0},{"timestamp":"2026-04-15T00:00:00+00:00","open":74176.09375,"high":74721.828125,"low":74153.2734375,"close":74601.5,"volume":1786605568.0},{"timestamp":"2026-04-15T01:00:00+00:00","open":74585.2734375,"high":74828.609375,"low":74531.28125,"close":74649.0,"volume":0.0},{"timestamp":"2026-04-15T02:00:00+00:00","open":74645.4609375,"high":74725.859375,"low":74218.1484375,"close":74359.84375,"volume":0.0},{"timestamp":"2026-04-15T03:00:00+00:00","open":74364.78125,"high":74405.9921875,"low":74214.53125,"close":74376.75,"volume":0.0},{"timestamp":"2026-04-15T04:00:00+00:00","open":74377.8515625,"high":74471.1796875,"low":74294.0078125,"close":74354.171875,"volume":0.0},{"timestamp":"2026-04-15T05:00:00+00:00","open":74369.9765625,"high":74463.9921875,"low":73912.578125,"close":74054.953125,"volume":0.0},{"timestamp":"2026-04-15T06:00:00+00:00","open":74036.921875,"high":74081.578125,"low":73902.921875,"close":73924.0,"volume":0.0},{"timestamp":"2026-04-15T07:00:00+00:00","open":73946.921875,"high":74048.46875,"low":73545.0,"close":73771.34375,"volume":68005888.0},{"timestamp":"2026-04-15T08:00:00+00:00","open":73776.828125,"high":74219.0078125,"low":73706.0,"close":74139.28125,"volume":0.0},{"timestamp":"2026-04-15T09:00:00+00:00","open":74139.9921875,"high":74213.4296875,"low":73930.25,"close":74033.4609375,"volume":0.0},{"timestamp":"2026-04-15T10:00:00+00:00","open":74019.359375,"high":74261.8828125,"low":73822.03125,"close":73890.8984375,"volume":151773184.0},{"timestamp":"2026-04-15T11:00:00+00:00","open":73906.546875,"high":74276.2421875,"low":73895.2890625,"close":74233.3203125,"volume":0.0},{"timestamp":"2026-04-15T12:00:00+00:00","open":74236.328125,"high":74475.671875,"low":74076.0078125,"close":74310.0625,"volume":292081664.0},{"timestamp":"2026-04-15T13:00:00+00:00","open":74302.453125,"high":74457.078125,"low":73836.0625,"close":74075.859375,"volume":0.0},{"timestamp":"2026-04-15T14:00:00+00:00","open":74082.0234375,"high":74531.6484375,"low":73855.53125,"close":74149.65625,"volume":0.0},{"timestamp":"2026-04-15T15:00:00+00:00","open":74164.8125,"high":74311.3828125,"low":73629.4375,"close":73872.0078125,"volume":0.0},{"timestamp":"2026-04-15T16:00:00+00:00","open":73850.0390625,"high":74192.28125,"low":73783.4921875,"close":73956.7265625,"volume":0.0},{"timestamp":"2026-04-15T17:00:00+00:00","open":73960.140625,"high":74253.6015625,"low":73929.9921875,"close":74154.9921875,"volume":0.0},{"timestamp":"2026-04-15T18:00:00+00:00","open":74139.421875,"high":74430.1328125,"low":74086.2265625,"close":74410.0,"volume":0.0},{"timestamp":"2026-04-15T19:00:00+00:00","open":74420.0078125,"high":75310.1015625,"low":74390.0,"close":75026.3203125,"volume":160878592.0},{"timestamp":"2026-04-15T20:00:00+00:00","open":75057.6796875,"high":75069.921875,"low":74541.0625,"close":74872.1484375,"volume":200192000.0},{"timestamp":"2026-04-15T21:00:00+00:00","open":74860.0390625,"high":74888.8828125,"low":74572.078125,"close":74765.3828125,"volume":0.0},{"timestamp":"2026-04-15T22:00:00+00:00","open":74784.7109375,"high":75400.0,"low":74763.890625,"close":74984.3828125,"volume":0.0},{"timestamp":"2026-04-15T23:00:00+00:00","open":74958.421875,"high":74969.703125,"low":74639.0,"close":74825.8671875,"volume":0.0},{"timestamp":"2026-04-16T00:00:00+00:00","open":74845.609375,"high":74899.15625,"low":74478.8203125,"close":74834.34375,"volume":0.0},{"timestamp":"2026-04-16T01:00:00+00:00","open":74810.0,"high":74810.0,"low":74494.21875,"close":74681.46875,"volume":0.0},{"timestamp":"2026-04-16T02:00:00+00:00","open":74681.4609375,"high":75284.0078125,"low":74614.59375,"close":74896.546875,"volume":0.0},{"timestamp":"2026-04-16T03:00:00+00:00","open":74890.9296875,"high":75155.8203125,"low":74880.1484375,"close":74904.2109375,"volume":2016497664.0},{"timestamp":"2026-04-16T04:00:00+00:00","open":74901.15625,"high":75185.8671875,"low":74751.0625,"close":74964.6484375,"volume":0.0},{"timestamp":"2026-04-16T05:00:00+00:00","open":74950.0,"high":75158.640625,"low":74915.09375,"close":75058.0078125,"volume":219258880.0},{"timestamp":"2026-04-16T06:00:00+00:00","open":75097.6875,"high":75130.4375,"low":74871.671875,"close":75051.109375,"volume":96534528.0},{"timestamp":"2026-04-16T07:00:00+00:00","open":75031.7421875,"high":75100.0,"low":74662.34375,"close":74721.5390625,"volume":0.0},{"timestamp":"2026-04-16T08:00:00+00:00","open":74721.546875,"high":74765.15625,"low":74535.4296875,"close":74697.7109375,"volume":804335616.0},{"timestamp":"2026-04-16T09:00:00+00:00","open":74679.25,"high":74927.828125,"low":74611.796875,"close":74612.671875,"volume":0.0},{"timestamp":"2026-04-16T10:00:00+00:00","open":74611.8828125,"high":74670.84375,"low":74290.78125,"close":74323.9921875,"volume":0.0},{"timestamp":"2026-04-16T11:00:00+00:00","open":74327.9921875,"high":74601.65625,"low":74300.0078125,"close":74593.328125,"volume":396546048.0},{"timestamp":"2026-04-16T12:00:00+00:00","open":74593.328125,"high":74876.34375,"low":74592.90625,"close":74632.8671875,"volume":0.0},{"timestamp":"2026-04-16T13:00:00+00:00","open":74628.7890625,"high":75023.1796875,"low":73309.7265625,"close":73793.9765625,"volume":937250816.0},{"timestamp":"2026-04-16T14:00:00+00:00","open":73766.3203125,"high":74198.890625,"low":73424.0234375,"close":73973.203125,"volume":372477952.0},{"timestamp":"2026-04-16T15:00:00+00:00","open":73969.7421875,"high":74893.3125,"low":73943.65625,"close":74719.9921875,"volume":1685315584.0},{"timestamp":"2026-04-16T16:00:00+00:00","open":74746.0,"high":74956.0,"low":74088.59375,"close":74186.03125,"volume":538931200.0},{"timestamp":"2026-04-16T17:00:00+00:00","open":74167.8828125,"high":74459.3984375,"low":73917.140625,"close":74346.0,"volume":130420736.0},{"timestamp":"2026-04-16T18:00:00+00:00","open":74354.03125,"high":75092.3125,"low":74250.09375,"close":75054.4375,"volume":0.0},{"timestamp":"2026-04-16T19:00:00+00:00","open":75102.0,"high":75429.609375,"low":74762.671875,"close":75371.9765625,"volume":964886528.0},{"timestamp":"2026-04-16T20:00:00+00:00","open":75384.9375,"high":75533.6796875,"low":75020.96875,"close":75245.9921875,"volume":128495616.0},{"timestamp":"2026-04-16T21:00:00+00:00","open":75252.2109375,"high":75300.0,"low":74827.8125,"close":74956.6015625,"volume":121356288.0},{"timestamp":"2026-04-16T22:00:00+00:00","open":74966.2578125,"high":75139.453125,"low":74853.75,"close":74888.609375,"volume":0.0},{"timestamp":"2026-04-16T23:00:00+00:00","open":74866.40625,"high":75198.4609375,"low":74847.96875,"close":75163.09375,"volume":0.0},{"timestamp":"2026-04-17T00:00:00+00:00","open":75160.203125,"high":75179.8515625,"low":74905.90625,"close":74955.9921875,"volume":0.0},{"timestamp":"2026-04-17T01:00:00+00:00","open":74960.6171875,"high":75061.3515625,"low":74594.4765625,"close":74763.890625,"volume":51539968.0},{"timestamp":"2026-04-17T02:00:00+00:00","open":74759.859375,"high":74830.8984375,"low":74562.671875,"close":74730.1328125,"volume":0.0},{"timestamp":"2026-04-17T03:00:00+00:00","open":74724.9921875,"high":74860.109375,"low":74629.7578125,"close":74633.1484375,"volume":0.0},{"timestamp":"2026-04-17T04:00:00+00:00","open":74633.15625,"high":74867.9375,"low":74611.78125,"close":74810.0078125,"volume":0.0},{"timestamp":"2026-04-17T05:00:00+00:00","open":74810.0,"high":74823.109375,"low":74575.0,"close":74656.5625,"volume":0.0},{"timestamp":"2026-04-17T06:00:00+00:00","open":74645.0234375,"high":74960.90625,"low":74614.46875,"close":74921.2421875,"volume":0.0},{"timestamp":"2026-04-17T07:00:00+00:00","open":74960.9609375,"high":75118.859375,"low":74954.7421875,"close":75069.6875,"volume":61296640.0},{"timestamp":"2026-04-17T08:00:00+00:00","open":75095.40625,"high":75888.75,"low":75015.359375,"close":75789.9921875,"volume":619696128.0},{"timestamp":"2026-04-17T09:00:00+00:00","open":75821.9765625,"high":76370.0,"low":75551.25,"close":75811.4765625,"volume":2566205440.0},{"timestamp":"2026-04-17T10:00:00+00:00","open":75811.453125,"high":75907.140625,"low":75124.2265625,"close":75301.109375,"volume":1024786432.0},{"timestamp":"2026-04-17T11:00:00+00:00","open":75292.5078125,"high":75633.75,"low":75273.75,"close":75622.578125,"volume":0.0},{"timestamp":"2026-04-17T12:00:00+00:00","open":75661.6484375,"high":76298.359375,"low":75558.0,"close":76294.609375,"volume":779100160.0},{"timestamp":"2026-04-17T13:00:00+00:00","open":76260.0,"high":77453.2265625,"low":76100.0078125,"close":77388.0,"volume":5033406464.0},{"timestamp":"2026-04-17T14:00:00+00:00","open":77434.4609375,"high":78142.9765625,"low":77065.90625,"close":77977.75,"volume":3173928960.0},{"timestamp":"2026-04-17T15:00:00+00:00","open":77977.5078125,"high":78060.0234375,"low":77497.6015625,"close":77843.2734375,"volume":1281085440.0},{"timestamp":"2026-04-17T16:00:00+00:00","open":77836.21875,"high":78340.0390625,"low":77785.25,"close":77907.2734375,"volume":778620928.0},{"timestamp":"2026-04-17T17:00:00+00:00","open":77898.7578125,"high":77955.0078125,"low":77152.5,"close":77563.5078125,"volume":973885440.0},{"timestamp":"2026-04-17T18:00:00+00:00","open":77576.25,"high":77602.4765625,"low":77122.5,"close":77206.0,"volume":126701568.0},{"timestamp":"2026-04-17T19:00:00+00:00","open":77210.1328125,"high":77524.0625,"low":77063.2578125,"close":77517.8671875,"volume":0.0},{"timestamp":"2026-04-17T20:00:00+00:00","open":77463.8828125,"high":77648.453125,"low":77188.65625,"close":77366.96875,"volume":0.0},{"timestamp":"2026-04-17T21:00:00+00:00","open":77373.2734375,"high":77531.2421875,"low":77310.0,"close":77475.0,"volume":0.0},{"timestamp":"2026-04-17T22:00:00+00:00","open":77473.1328125,"high":77551.5234375,"low":77297.9765625,"close":77339.9375,"volume":221704192.0},{"timestamp":"2026-04-17T23:00:00+00:00","open":77328.0078125,"high":77336.2421875,"low":76941.9921875,"close":77098.0078125,"volume":344924160.0},{"timestamp":"2026-04-18T00:00:00+00:00","open":77073.75,"high":77287.4609375,"low":77010.0,"close":77196.0,"volume":0.0},{"timestamp":"2026-04-18T01:00:00+00:00","open":77216.2421875,"high":77364.7421875,"low":77148.7734375,"close":77251.96875,"volume":0.0},{"timestamp":"2026-04-18T02:00:00+00:00","open":77251.96875,"high":77447.4296875,"low":77154.2890625,"close":77323.5078125,"volume":0.0},{"timestamp":"2026-04-18T03:00:00+00:00","open":77321.2421875,"high":77328.75,"low":77001.3125,"close":77040.0,"volume":0.0},{"timestamp":"2026-04-18T04:00:00+00:00","open":77025.9921875,"high":77197.5,"low":76926.9296875,"close":77148.75,"volume":402907136.0},{"timestamp":"2026-04-18T05:00:00+00:00","open":77144.0234375,"high":77295.0078125,"low":77144.0078125,"close":77168.2890625,"volume":52015104.0},{"timestamp":"2026-04-18T06:00:00+00:00","open":77168.296875,"high":77253.75,"low":77091.0,"close":77160.0078125,"volume":0.0},{"timestamp":"2026-04-18T07:00:00+00:00","open":77136.328125,"high":77162.0234375,"low":76923.078125,"close":77020.0078125,"volume":0.0},{"timestamp":"2026-04-18T08:00:00+00:00","open":77020.0234375,"high":77070.390625,"low":76534.0234375,"close":76760.0234375,"volume":0.0},{"timestamp":"2026-04-18T09:00:00+00:00","open":76732.5,"high":76743.7421875,"low":76450.15625,"close":76631.2578125,"volume":0.0},{"timestamp":"2026-04-18T10:00:00+00:00","open":76631.2578125,"high":76631.2578125,"low":76170.71875,"close":76222.4921875,"volume":0.0},{"timestamp":"2026-04-18T11:00:00+00:00","open":76222.5,"high":76222.5,"low":75798.75,"close":76069.4609375,"volume":0.0},{"timestamp":"2026-04-18T12:00:00+00:00","open":76074.796875,"high":76323.7421875,"low":76070.9921875,"close":76239.7578125,"volume":0.0},{"timestamp":"2026-04-18T13:00:00+00:00","open":76230.828125,"high":76248.7421875,"low":75839.9921875,"close":76148.640625,"volume":0.0},{"timestamp":"2026-04-18T14:00:00+00:00","open":76150.0078125,"high":76314.09375,"low":76008.7578125,"close":76280.609375,"volume":0.0},{"timestamp":"2026-04-18T15:00:00+00:00","open":76282.1875,"high":76361.2578125,"low":76050.1328125,"close":76191.71875,"volume":0.0},{"timestamp":"2026-04-18T16:00:00+00:00","open":76173.09375,"high":76249.9765625,"low":75823.03125,"close":75968.1171875,"volume":0.0},{"timestamp":"2026-04-18T17:00:00+00:00","open":75955.4765625,"high":75982.5234375,"low":75818.1796875,"close":75852.1328125,"volume":0.0},{"timestamp":"2026-04-18T18:00:00+00:00","open":75842.0078125,"high":75886.8984375,"low":75482.96875,"close":75672.4375,"volume":0.0},{"timestamp":"2026-04-18T19:00:00+00:00","open":75653.71875,"high":75828.6875,"low":75607.84375,"close":75678.90625,"volume":0.0},{"timestamp":"2026-04-18T20:00:00+00:00","open":75688.59375,"high":75875.828125,"low":75633.6796875,"close":75784.9375,"volume":0.0},{"timestamp":"2026-04-18T21:00:00+00:00","open":75779.0390625,"high":75875.828125,"low":75632.671875,"close":75854.5703125,"volume":0.0},{"timestamp":"2026-04-18T22:00:00+00:00","open":75827.4921875,"high":75914.6796875,"low":75644.1171875,"close":75846.96875,"volume":0.0},{"timestamp":"2026-04-18T23:00:00+00:00","open":75861.0390625,"high":75921.9765625,"low":75730.578125,"close":75730.578125,"volume":0.0},{"timestamp":"2026-04-19T00:00:00+00:00","open":75736.0,"high":75884.0078125,"low":75590.171875,"close":75705.21875,"volume":0.0},{"timestamp":"2026-04-19T01:00:00+00:00","open":75708.0078125,"high":75820.0,"low":75500.0,"close":75652.1015625,"volume":129032192.0},{"timestamp":"2026-04-19T02:00:00+00:00","open":75643.671875,"high":75741.3515625,"low":75452.0,"close":75523.859375,"volume":53024768.0},{"timestamp":"2026-04-19T03:00:00+00:00","open":75523.859375,"high":75668.0,"low":75398.8671875,"close":75549.65625,"volume":71456768.0},{"timestamp":"2026-04-19T04:00:00+00:00","open":75546.4921875,"high":75798.40625,"low":75454.6171875,"close":75700.0078125,"volume":0.0},{"timestamp":"2026-04-19T05:00:00+00:00","open":75695.0625,"high":75723.8828125,"low":75549.6796875,"close":75580.0234375,"volume":0.0},{"timestamp":"2026-04-19T06:00:00+00:00","open":75580.0078125,"high":75580.0078125,"low":75325.0,"close":75429.75,"volume":337053696.0},{"timestamp":"2026-04-19T07:00:00+00:00","open":75426.9609375,"high":75434.921875,"low":74955.546875,"close":75291.1171875,"volume":855674880.0},{"timestamp":"2026-04-19T08:00:00+00:00","open":75265.0,"high":75336.5234375,"low":75113.953125,"close":75293.171875,"volume":0.0},{"timestamp":"2026-04-19T09:00:00+00:00","open":75292.5390625,"high":75301.4921875,"low":74963.3828125,"close":75055.421875,"volume":0.0},{"timestamp":"2026-04-19T10:00:00+00:00","open":75055.421875,"high":75272.5625,"low":74974.7734375,"close":75246.09375,"volume":0.0},{"timestamp":"2026-04-19T11:00:00+00:00","open":75246.09375,"high":75653.0625,"low":75242.0234375,"close":75637.5234375,"volume":0.0},{"timestamp":"2026-04-19T12:00:00+00:00","open":75652.3125,"high":75730.4921875,"low":75480.0,"close":75611.90625,"volume":0.0}