{"updated_at":"2026-05-09T18:22:06.908910+00:00","pairs":[{"pair":"BTC","config":{"pair":"BTC","lower":71853.21328125,"upper":81336.60703125,"n_levels":12,"capital_usd":1000.0,"fee_rate":0.001},"levels":[71853.2133,72667.585,73491.1866,74324.1228,75166.4993,76018.4232,76880.0026,77751.347,78632.5671,79523.7748,80425.0833,81336.607],"fills":[{"timestamp":"2026-04-10T00:00:00+00:00","side":"buy","price":71853.21328125,"qty":0.0012652056429717598,"level_idx":0,"pnl_usd":0.0},{"timestamp":"2026-04-10T00:00:00+00:00","side":"buy","price":72667.58496041733,"qty":0.001251026726133941,"level_idx":1,"pnl_usd":0.0},{"timestamp":"2026-04-10T00:00:00+00:00","side":"buy","price":73491.18658493494,"qty":0.0012370067096960779,"level_idx":2,"pnl_usd":0.0},{"timestamp":"2026-04-10T00:00:00+00:00","side":"buy","price":74324.12276537978,"qty":0.0012231438128918813,"level_idx":3,"pnl_usd":0.0},{"timestamp":"2026-04-10T00:00:00+00:00","side":"buy","price":75166.4992979666,"qty":0.0012094362749117701,"level_idx":4,"pnl_usd":0.0},{"timestamp":"2026-04-10T00:00:00+00:00","side":"buy","price":76018.42317798587,"qty":0.001195882354679217,"level_idx":5,"pnl_usd":0.0},{"timestamp":"2026-04-10T00:00:00+00:00","side":"buy","price":76880.00261339384,"qty":0.0011824803306296058,"level_idx":6,"pnl_usd":0.0},{"timestamp":"2026-04-10T00:00:00+00:00","side":"buy","price":77751.34703855672,"qty":0.0011692285004915644,"level_idx":7,"pnl_usd":0.0},{"timestamp":"2026-04-10T00:00:00+00:00","side":"buy","price":78632.56712815058,"qty":0.001156125181070749,"level_idx":8,"pnl_usd":0.0},{"timestamp":"2026-04-10T00:00:00+00:00","side":"buy","price":79523.7748112188,"qty":0.0011431687080360516,"level_idx":9,"pnl_usd":0.0},{"timestamp":"2026-04-10T00:00:00+00:00","side":"buy","price":80425.08328538881,"qty":0.0011303574357082048,"level_idx":10,"pnl_usd":0.0},{"timestamp":"2026-04-10T14:00:00+00:00","side":"sell","price":72667.58496041733,"qty":0.0012652056429717598,"level_idx":1,"pnl_usd":0.9384082054058266},{"timestamp":"2026-04-11T18:00:00+00:00","side":"sell","price":73491.18658493494,"qty":0.001251026726133941,"level_idx":2,"pnl_usd":0.9384082054058124},{"timestamp":"2026-04-12T01:00:00+00:00","side":"buy","price":71853.21328125,"qty":0.0012652056429717598,"level_idx":0,"pnl_usd":0.0},{"timestamp":"2026-04-12T01:00:00+00:00","side":"buy","price":72667.58496041733,"qty":0.001251026726133941,"level_idx":1,"pnl_usd":0.0},{"timestamp":"2026-04-12T01:00:00+00:00","side":"sell","price":72667.58496041733,"qty":0.0012652056429717598,"level_idx":1,"pnl_usd":0.9384082054058266},{"timestamp":"2026-04-12T02:00:00+00:00","side":"buy","price":71853.21328125,"qty":0.0012652056429717598,"level_idx":0,"pnl_usd":0.0},{"timestamp":"2026-04-13T19:00:00+00:00","side":"sell","price":72667.58496041733,"qty":0.0012652056429717598,"level_idx":1,"pnl_usd":0.9384082054058266},{"timestamp":"2026-04-13T22:00:00+00:00","side":"sell","price":74324.12276537978,"qty":0.0012370067096960779,"level_idx":3,"pnl_usd":0.9384082054058408},{"timestamp":"2026-04-13T22:00:00+00:00","side":"sell","price":73491.18658493494,"qty":0.001251026726133941,"level_idx":2,"pnl_usd":0.9384082054058124},{"timestamp":"2026-04-14T13:00:00+00:00","side":"sell","price":75166.4992979666,"qty":0.0012231438128918813,"level_idx":4,"pnl_usd":0.9384082054058266},{"timestamp":"2026-04-14T18:00:00+00:00","side":"buy","price":74324.12276537978,"qty":0.0012231438128918813,"level_idx":3,"pnl_usd":0.0},{"timestamp":"2026-04-15T19:00:00+00:00","side":"sell","price":75166.4992979666,"qty":0.0012231438128918813,"level_idx":4,"pnl_usd":0.9384082054058266},{"timestamp":"2026-04-16T10:00:00+00:00","side":"buy","price":74324.12276537978,"qty":0.0012231438128918813,"level_idx":3,"pnl_usd":0.0},{"timestamp":"2026-04-16T13:00:00+00:00","side":"buy","price":73491.18658493494,"qty":0.0012370067096960779,"level_idx":2,"pnl_usd":0.0},{"timestamp":"2026-04-16T13:00:00+00:00","side":"sell","price":74324.12276537978,"qty":0.0012370067096960779,"level_idx":3,"pnl_usd":0.9384082054058408},{"timestamp":"2026-04-16T14:00:00+00:00","side":"buy","price":73491.18658493494,"qty":0.0012370067096960779,"level_idx":2,"pnl_usd":0.0},{"timestamp":"2026-04-16T15:00:00+00:00","side":"sell","price":74324.12276537978,"qty":0.0012370067096960779,"level_idx":3,"pnl_usd":0.9384082054058408},{"timestamp":"2026-04-16T19:00:00+00:00","side":"sell","price":75166.4992979666,"qty":0.0012231438128918813,"level_idx":4,"pnl_usd":0.9384082054058266},{"timestamp":"2026-04-17T09:00:00+00:00","side":"sell","price":76018.42317798587,"qty":0.0012094362749117701,"level_idx":5,"pnl_usd":0.9384082054058408},{"timestamp":"2026-04-17T10:00:00+00:00","side":"buy","price":75166.4992979666,"qty":0.0012094362749117701,"level_idx":4,"pnl_usd":0.0},{"timestamp":"2026-04-17T12:00:00+00:00","side":"sell","price":76018.42317798587,"qty":0.0012094362749117701,"level_idx":5,"pnl_usd":0.9384082054058408},{"timestamp":"2026-04-17T13:00:00+00:00","side":"sell","price":76880.00261339384,"qty":0.001195882354679217,"level_idx":6,"pnl_usd":0.9384082054058266},{"timestamp":"2026-04-17T14:00:00+00:00","side":"sell","price":77751.34703855672,"qty":0.0011824803306296058,"level_idx":7,"pnl_usd":0.9384082054058124},{"timestamp":"2026-04-18T08:00:00+00:00","side":"buy","price":76880.00261339384,"qty":0.0011824803306296058,"level_idx":6,"pnl_usd":0.0},{"timestamp":"2026-04-18T11:00:00+00:00","side":"buy","price":76018.42317798587,"qty":0.001195882354679217,"level_idx":5,"pnl_usd":0.0},{"timestamp":"2026-04-19T07:00:00+00:00","side":"buy","price":75166.4992979666,"qty":0.0012094362749117701,"level_idx":4,"pnl_usd":0.0},{"timestamp":"2026-04-19T13:00:00+00:00","side":"sell","price":76018.42317798587,"qty":0.0012094362749117701,"level_idx":5,"pnl_usd":0.9384082054058408},{"timestamp":"2026-04-19T17:00:00+00:00","side":"buy","price":75166.4992979666,"qty":0.0012094362749117701,"level_idx":4,"pnl_usd":0.0},{"timestamp":"2026-04-19T22:00:00+00:00","side":"buy","price":74324.12276537978,"qty":0.0012231438128918813,"level_idx":3,"pnl_usd":0.0},{"timestamp":"2026-04-20T07:00:00+00:00","side":"sell","price":75166.4992979666,"qty":0.0012231438128918813,"level_idx":4,"pnl_usd":0.9384082054058266},{"timestamp":"2026-04-20T18:00:00+00:00","side":"sell","price":76018.42317798587,"qty":0.0012094362749117701,"level_idx":5,"pnl_usd":0.9384082054058408},{"timestamp":"2026-04-21T10:00:00+00:00","side":"sell","price":76880.00261339384,"qty":0.001195882354679217,"level_idx":6,"pnl_usd":0.9384082054058266},{"timestamp":"2026-04-21T12:00:00+00:00","side":"buy","price":76018.42317798587,"qty":0.001195882354679217,"level_idx":5,"pnl_usd":0.0},{"timestamp":"2026-04-21T17:00:00+00:00","side":"buy","price":75166.4992979666,"qty":0.0012094362749117701,"level_idx":4,"pnl_usd":0.0},{"timestamp":"2026-04-21T23:00:00+00:00","side":"sell","price":76018.42317798587,"qty":0.0012094362749117701,"level_idx":5,"pnl_usd":0.9384082054058408},{"timestamp":"2026-04-22T02:00:00+00:00","side":"sell","price":76880.00261339384,"qty":0.001195882354679217,"level_idx":6,"pnl_usd":0.9384082054058266},{"timestamp":"2026-04-22T05:00:00+00:00","side":"sell","price":77751.34703855672,"qty":0.0011824803306296058,"level_idx":7,"pnl_usd":0.9384082054058124},{"timestamp":"2026-04-22T13:00:00+00:00","side":"sell","price":78632.56712815058,"qty":0.0011692285004915644,"level_idx":8,"pnl_usd":0.9384082054058266},{"timestamp":"2026-04-23T00:00:00+00:00","side":"buy","price":77751.34703855672,"qty":0.0011692285004915644,"level_idx":7,"pnl_usd":0.0},{"timestamp":"2026-04-23T15:00:00+00:00","side":"sell","price":78632.56712815058,"qty":0.0011692285004915644,"level_idx":8,"pnl_usd":0.9384082054058266},{"timestamp":"2026-04-23T17:00:00+00:00","side":"buy","price":77751.34703855672,"qty":0.0011692285004915644,"level_idx":7,"pnl_usd":0.0},{"timestamp":"2026-04-26T21:00:00+00:00","side":"sell","price":78632.56712815058,"qty":0.0011692285004915644,"level_idx":8,"pnl_usd":0.9384082054058266},{"timestamp":"2026-04-27T05:00:00+00:00","side":"buy","price":77751.34703855672,"qty":0.0011692285004915644,"level_idx":7,"pnl_usd":0.0},{"timestamp":"2026-04-27T05:00:00+00:00","side":"sell","price":78632.56712815058,"qty":0.0011692285004915644,"level_idx":8,"pnl_usd":0.9384082054058266},{"timestamp":"2026-04-27T06:00:00+00:00","side":"buy","price":77751.34703855672,"qty":0.0011692285004915644,"level_idx":7,"pnl_usd":0.0},{"timestamp":"2026-04-27T15:00:00+00:00","side":"buy","price":76880.00261339384,"qty":0.0011824803306296058,"level_idx":6,"pnl_usd":0.0},{"timestamp":"2026-04-27T15:00:00+00:00","side":"sell","price":77751.34703855672,"qty":0.0011824803306296058,"level_idx":7,"pnl_usd":0.9384082054058124},{"timestamp":"2026-04-27T16:00:00+00:00","side":"buy","price":76880.00261339384,"qty":0.0011824803306296058,"level_idx":6,"pnl_usd":0.0},{"timestamp":"2026-04-28T13:00:00+00:00","side":"buy","price":76018.42317798587,"qty":0.001195882354679217,"level_idx":5,"pnl_usd":0.0},{"timestamp":"2026-04-29T03:00:00+00:00","side":"sell","price":76880.00261339384,"qty":0.001195882354679217,"level_idx":6,"pnl_usd":0.9384082054058266},{"timestamp":"2026-04-29T09:00:00+00:00","side":"sell","price":77751.34703855672,"qty":0.0011824803306296058,"level_idx":7,"pnl_usd":0.9384082054058124},{"timestamp":"2026-04-29T13:00:00+00:00","side":"buy","price":76880.00261339384,"qty":0.0011824803306296058,"level_idx":6,"pnl_usd":0.0},{"timestamp":"2026-04-29T15:00:00+00:00","side":"buy","price":76018.42317798587,"qty":0.001195882354679217,"level_idx":5,"pnl_usd":0.0},{"timestamp":"2026-04-29T18:00:00+00:00","side":"buy","price":75166.4992979666,"qty":0.0012094362749117701,"level_idx":4,"pnl_usd":0.0},{"timestamp":"2026-04-29T18:00:00+00:00","side":"sell","price":76018.42317798587,"qty":0.0012094362749117701,"level_idx":5,"pnl_usd":0.9384082054058408},{"timestamp":"2026-05-01T03:00:00+00:00","side":"sell","price":76880.00261339384,"qty":0.001195882354679217,"level_idx":6,"pnl_usd":0.9384082054058266},{"timestamp":"2026-05-01T12:00:00+00:00","side":"sell","price":77751.34703855672,"qty":0.0011824803306296058,"level_idx":7,"pnl_usd":0.9384082054058124},{"timestamp":"2026-05-01T13:00:00+00:00","side":"sell","price":78632.56712815058,"qty":0.0011692285004915644,"level_idx":8,"pnl_usd":0.9384082054058266},{"timestamp":"2026-05-01T20:00:00+00:00","side":"buy","price":77751.34703855672,"qty":0.0011692285004915644,"level_idx":7,"pnl_usd":0.0},{"timestamp":"2026-05-02T21:00:00+00:00","side":"sell","price":78632.56712815058,"qty":0.0011692285004915644,"level_idx":8,"pnl_usd":0.9384082054058266},{"timestamp":"2026-05-04T01:00:00+00:00","side":"sell","price":79523.7748112188,"qty":0.001156125181070749,"level_idx":9,"pnl_usd":0.9384082054058408},{"timestamp":"2026-05-04T04:00:00+00:00","side":"sell","price":80425.08328538881,"qty":0.0011431687080360516,"level_idx":10,"pnl_usd":0.9384082054058408},{"timestamp":"2026-05-04T06:00:00+00:00","side":"buy","price":79523.7748112188,"qty":0.0011431687080360516,"level_idx":9,"pnl_usd":0.0},{"timestamp":"2026-05-04T10:00:00+00:00","side":"buy","price":78632.56712815058,"qty":0.001156125181070749,"level_idx":8,"pnl_usd":0.0},{"timestamp":"2026-05-04T10:00:00+00:00","side":"sell","price":79523.7748112188,"qty":0.001156125181070749,"level_idx":9,"pnl_usd":0.9384082054058408},{"timestamp":"2026-05-04T13:00:00+00:00","side":"buy","price":78632.56712815058,"qty":0.001156125181070749,"level_idx":8,"pnl_usd":0.0},{"timestamp":"2026-05-04T14:00:00+00:00","side":"sell","price":80425.08328538881,"qty":0.0011431687080360516,"level_idx":10,"pnl_usd":0.9384082054058408},{"timestamp":"2026-05-04T14:00:00+00:00","side":"sell","price":79523.7748112188,"qty":0.001156125181070749,"level_idx":9,"pnl_usd":0.9384082054058408},{"timestamp":"2026-05-04T15:00:00+00:00","side":"buy","price":79523.7748112188,"qty":0.0011431687080360516,"level_idx":9,"pnl_usd":0.0},{"timestamp":"2026-05-04T17:00:00+00:00","side":"sell","price":80425.08328538881,"qty":0.0011431687080360516,"level_idx":10,"pnl_usd":0.9384082054058408},{"timestamp":"2026-05-05T13:00:00+00:00","side":"sell","price":81336.60703125007,"qty":0.0011303574357082048,"level_idx":11,"pnl_usd":0.9384082054058124},{"timestamp":"2026-05-07T13:00:00+00:00","side":"buy","price":80425.08328538881,"qty":0.0011303574357082048,"level_idx":10,"pnl_usd":0.0},{"timestamp":"2026-05-07T17:00:00+00:00","side":"buy","price":79523.7748112188,"qty":0.0011431687080360516,"level_idx":9,"pnl_usd":0.0},{"timestamp":"2026-05-08T12:00:00+00:00","side":"sell","price":80425.08328538881,"qty":0.0011431687080360516,"level_idx":10,"pnl_usd":0.9384082054058408}],"round_trips":42,"total_pnl_usd":39.85,"total_fees_usd":7.77,"realized_return_pct":0.0394,"unrealized_pnl_usd":0.43,"unrealized_holdings":0.00113,"avg_holding_price":80425.08,"final_price":80809.51,"max_drawdown_pct":-0.067,"open_buy_levels":[0,1,2,3,4,5,6,7,8,9],"equity_curve":[{"timestamp":"2026-04-10T00:00:00+00:00","equity":946.53},{"timestamp":"2026-04-10T01:00:00+00:00","equity":950.01},{"timestamp":"2026-04-10T02:00:00+00:00","equity":947.13},{"timestamp":"2026-04-10T03:00:00+00:00","equity":945.99},{"timestamp":"2026-04-10T04:00:00+00:00","equity":948.73},{"timestamp":"2026-04-10T05:00:00+00:00","equity":949.2},{"timestamp":"2026-04-10T06:00:00+00:00","equity":945.35},{"timestamp":"2026-04-10T07:00:00+00:00","equity":940.82},{"timestamp":"2026-04-10T08:00:00+00:00","equity":942.5},{"timestamp":"2026-04-10T09:00:00+00:00","equity":945.06},{"timestamp":"2026-04-10T10:00:00+00:00","equity":946.78},{"timestamp":"2026-04-10T11:00:00+00:00","equity":949.33},{"timestamp":"2026-04-10T12:00:00+00:00","equity":951.16},{"timestamp":"2026-04-10T13:00:00+00:00","equity":952.39},{"timestamp":"2026-04-10T14:00:00+00:00","equity":959.23},{"timestamp":"2026-04-10T15:00:00+00:00","equity":953.29},{"timestamp":"2026-04-10T16:00:00+00:00","equity":960.8},{"timestamp":"2026-04-10T17:00:00+00:00","equity":961.59},{"timestamp":"2026-04-10T18:00:00+00:00","equity":961.75},{"timestamp":"2026-04-10T19:00:00+00:00","equity":963.18},{"timestamp":"2026-04-10T20:00:00+00:00","equity":964.88},{"timestamp":"2026-04-10T21:00:00+00:00","equity":962.81},{"timestamp":"2026-04-10T22:00:00+00:00","equity":959.44},{"timestamp":"2026-04-10T23:00:00+00:00","equity":960.11},{"timestamp":"2026-04-11T00:00:00+00:00","equity":958.5},{"timestamp":"2026-04-11T01:00:00+00:00","equity":959.87},{"timestamp":"2026-04-11T02:00:00+00:00","equity":960.2},{"timestamp":"2026-04-11T03:00:00+00:00","equity":958.81},{"timestamp":"2026-04-11T04:00:00+00:00","equity":958.31},{"timestamp":"2026-04-11T05:00:00+00:00","equity":957.53},{"timestamp":"2026-04-11T06:00:00+00:00","equity":958.02},{"timestamp":"2026-04-11T07:00:00+00:00","equity":957.28},{"timestamp":"2026-04-11T08:00:00+00:00","equity":957.01},{"timestamp":"2026-04-11T09:00:00+00:00","equity":959.36},{"timestamp":"2026-04-11T10:00:00+00:00","equity":958.78},{"timestamp":"2026-04-11T11:00:00+00:00","equity":959.51},{"timestamp":"2026-04-11T12:00:00+00:00","equity":960.01},{"timestamp":"2026-04-11T13:00:00+00:00","equity":956.84},{"timestamp":"2026-04-11T14:00:00+00:00","equity":957.36},{"timestamp":"2026-04-11T15:00:00+00:00","equity":958.97},{"timestamp":"2026-04-11T16:00:00+00:00","equity":961.61},{"timestamp":"2026-04-11T17:00:00+00:00","equity":961.55},{"timestamp":"2026-04-11T18:00:00+00:00","equity":966.71},{"timestamp":"2026-04-11T19:00:00+00:00","equity":968.19},{"timestamp":"2026-04-11T20:00:00+00:00","equity":964.44},{"timestamp":"2026-04-11T21:00:00+00:00","equity":965.99},{"timestamp":"2026-04-11T22:00:00+00:00","equity":965.05},{"timestamp":"2026-04-11T23:00:00+00:00","equity":961.51},{"timestamp":"2026-04-12T00:00:00+00:00","equity":961.64},{"timestamp":"2026-04-12T01:00:00+00:00","equity":946.4},{"timestamp":"2026-04-12T02:00:00+00:00","equity":948.06},{"timestamp":"2026-04-12T03:00:00+00:00","equity":946.08},{"timestamp":"2026-04-12T04:00:00+00:00","equity":943.84},{"timestamp":"2026-04-12T05:00:00+00:00","equity":947.15},{"timestamp":"2026-04-12T06:00:00+00:00","equity":946.29},{"timestamp":"2026-04-12T07:00:00+00:00","equity":947.23},{"timestamp":"2026-04-12T08:00:00+00:00","equity":945.81},{"timestamp":"2026-04-12T09:00:00+00:00","equity":944.79},{"timestamp":"2026-04-12T10:00:00+00:00","equity":943.42},{"timestamp":"2026-04-12T11:00:00+00:00","equity":943.9},{"timestamp":"2026-04-12T12:00:00+00:00","equity":939.48},{"timestamp":"2026-04-12T13:00:00+00:00","equity":936.02},{"timestamp":"2026-04-12T14:00:00+00:00","equity":934.86},{"timestamp":"2026-04-12T15:00:00+00:00","equity":936.17},{"timestamp":"2026-04-12T16:00:00+00:00","equity":936.11},{"timestamp":"2026-04-12T17:00:00+00:00","equity":939.28},{"timestamp":"2026-04-12T18:00:00+00:00","equity":939.51},{"timestamp":"2026-04-12T19:00:00+00:00","equity":938.9},{"timestamp":"2026-04-12T20:00:00+00:00","equity":942.12},{"timestamp":"2026-04-12T21:00:00+00:00","equity":941.14},{"timestamp":"2026-04-12T22:00:00+00:00","equity":936.1},{"timestamp":"2026-04-12T23:00:00+00:00","equity":934.2},{"timestamp":"2026-04-13T00:00:00+00:00","equity":939.49},{"timestamp":"2026-04-13T01:00:00+00:00","equity":940.31},{"timestamp":"2026-04-13T02:00:00+00:00","equity":938.46},{"timestamp":"2026-04-13T03:00:00+00:00","equity":937.26},{"timestamp":"2026-04-13T04:00:00+00:00","equity":936.51},{"timestamp":"2026-04-13T05:00:00+00:00","equity":935.52},{"timestamp":"2026-04-13T06:00:00+00:00","equity":938.25},{"timestamp":"2026-04-13T07:00:00+00:00","equity":935.17},{"timestamp":"2026-04-13T08:00:00+00:00","equity":933.02},{"timestamp":"2026-04-13T09:00:00+00:00","equity":934.62},{"timestamp":"2026-04-13T10:00:00+00:00","equity":934.04},{"timestamp":"2026-04-13T11:00:00+00:00","equity":936.7},{"timestamp":"2026-04-13T12:00:00+00:00","equity":938.74},{"timestamp":"2026-04-13T13:00:00+00:00","equity":945.41},{"timestamp":"2026-04-13T14:00:00+00:00","equity":956.09},{"timestamp":"2026-04-13T15:00:00+00:00","equity":948.42},{"timestamp":"2026-04-13T16:00:00+00:00","equity":953.25},{"timestamp":"2026-04-13T17:00:00+00:00","equity":952.57},{"timestamp":"2026-04-13T18:00:00+00:00","equity":956.58},{"timestamp":"2026-04-13T19:00:00+00:00","equity":967.66},{"timestamp":"2026-04-13T20:00:00+00:00","equity":965.63},{"timestamp":"2026-04-13T21:00:00+00:00","equity":965.93},{"timestamp":"2026-04-13T22:00:00+00:00","equity":980.71},{"timestamp":"2026-04-13T23:00:00+00:00","equity":979.7},{"timestamp":"2026-04-14T00:00:00+00:00","equity":976.21},{"timestamp":"2026-04-14T01:00:00+00:00","equity":978.25},{"timestamp":"2026-04-14T02:00:00+00:00","equity":978.21},{"timestamp":"2026-04-14T03:00:00+00:00","equity":978.96},{"timestamp":"2026-04-14T04:00:00+00:00","equity":978.43},{"timestamp":"2026-04-14T05:00:00+00:00","equity":976.66},{"timestamp":"2026-04-14T06:00:00+00:00","equity":980.01},{"timestamp":"2026-04-14T07:00:00+00:00","equity":979.84},{"timestamp":"2026-04-14T08:00:00+00:00","equity":981.99},{"timestamp":"2026-04-14T09:00:00+00:00","equity":979.75},{"timestamp":"2026-04-14T10:00:00+00:00","equity":978.67},{"timestamp":"2026-04-14T11:00:00+00:00","equity":978.98},{"timestamp":"2026-04-14T12:00:00+00:00","equity":978.99},{"timestamp":"2026-04-14T13:00:00+00:00","equity":988.22},{"timestamp":"2026-04-14T14:00:00+00:00","equity":985.68},{"timestamp":"2026-04-14T15:00:00+00:00","equity":987.21},{"timestamp":"2026-04-14T16:00:00+00:00","equity":980.65},{"timestamp":"2026-04-14T17:00:00+00:00","equity":982.29},{"timestamp":"2026-04-14T18:00:00+00:00","equity":976.54},{"timestamp":"2026-04-14T19:00:00+00:00","equity":978.13},{"timestamp":"2026-04-14T20:00:00+00:00","equity":976.11},{"timestamp":"2026-04-14T21:00:00+00:00","equity":978.59},{"timestamp":"2026-04-14T22:00:00+00:00","equity":976.26},{"timestamp":"2026-04-14T23:00:00+00:00","equity":977.38},{"timestamp":"2026-04-15T00:00:00+00:00","equity":981.28},{"timestamp":"2026-04-15T01:00:00+00:00","equity":981.73},{"timestamp":"2026-04-15T02:00:00+00:00","equity":979.01},{"timestamp":"2026-04-15T03:00:00+00:00","equity":979.17},{"timestamp":"2026-04-15T04:00:00+00:00","equity":978.96},{"timestamp":"2026-04-15T05:00:00+00:00","equity":976.14},{"timestamp":"2026-04-15T06:00:00+00:00","equity":974.91},{"timestamp":"2026-04-15T07:00:00+00:00","equity":973.47},{"timestamp":"2026-04-15T08:00:00+00:00","equity":976.93},{"timestamp":"2026-04-15T09:00:00+00:00","equity":975.94},{"timestamp":"2026-04-15T10:00:00+00:00","equity":974.6},{"timestamp":"2026-04-15T11:00:00+00:00","equity":977.82},{"timestamp":"2026-04-15T12:00:00+00:00","equity":978.54},{"timestamp":"2026-04-15T13:00:00+00:00","equity":976.34},{"timestamp":"2026-04-15T14:00:00+00:00","equity":977.03},{"timestamp":"2026-04-15T15:00:00+00:00","equity":974.42},{"timestamp":"2026-04-15T16:00:00+00:00","equity":975.22},{"timestamp":"2026-04-15T17:00:00+00:00","equity":977.08},{"timestamp":"2026-04-15T18:00:00+00:00","equity":979.48},{"timestamp":"2026-04-15T19:00:00+00:00","equity":985.36},{"timestamp":"2026-04-15T20:00:00+00:00","equity":984.1},{"timestamp":"2026-04-15T21:00:00+00:00","equity":983.22},{"timestamp":"2026-04-15T22:00:00+00:00","equity":985.02},{"timestamp":"2026-04-15T23:00:00+00:00","equity":983.72},{"timestamp":"2026-04-16T00:00:00+00:00","equity":983.79},{"timestamp":"2026-04-16T01:00:00+00:00","equity":982.54},{"timestamp":"2026-04-16T02:00:00+00:00","equity":984.3},{"timestamp":"2026-04-16T03:00:00+00:00","equity":984.36},{"timestamp":"2026-04-16T04:00:00+00:00","equity":984.86},{"timestamp":"2026-04-16T05:00:00+00:00","equity":985.62},{"timestamp":"2026-04-16T06:00:00+00:00","equity":985.56},{"timestamp":"2026-04-16T07:00:00+00:00","equity":982.86},{"timestamp":"2026-04-16T08:00:00+00:00","equity":982.67},{"timestamp":"2026-04-16T09:00:00+00:00","equity":981.97},{"timestamp":"2026-04-16T10:00:00+00:00","equity":979.61},{"timestamp":"2026-04-16T11:00:00+00:00","equity":982.14},{"timestamp":"2026-04-16T12:00:00+00:00","equity":982.52},{"timestamp":"2026-04-16T13:00:00+00:00","equity":975.56},{"timestamp":"2026-04-16T14:00:00+00:00","equity":977.84},{"timestamp":"2026-04-16T15:00:00+00:00","equity":985.21},{"timestamp":"2026-04-16T16:00:00+00:00","equity":980.19},{"timestamp":"2026-04-16T17:00:00+00:00","equity":981.69},{"timestamp":"2026-04-16T18:00:00+00:00","equity":988.36},{"timestamp":"2026-04-16T19:00:00+00:00","equity":991.01},{"timestamp":"2026-04-16T20:00:00+00:00","equity":989.97},{"timestamp":"2026-04-16T21:00:00+00:00","equity":987.6},{"timestamp":"2026-04-16T22:00:00+00:00","equity":987.05},{"timestamp":"2026-04-16T23:00:00+00:00","equity":989.29},{"timestamp":"2026-04-17T00:00:00+00:00","equity":987.6},{"timestamp":"2026-04-17T01:00:00+00:00","equity":986.03},{"timestamp":"2026-04-17T02:00:00+00:00","equity":985.75},{"timestamp":"2026-04-17T03:00:00+00:00","equity":984.96},{"timestamp":"2026-04-17T04:00:00+00:00","equity":986.4},{"timestamp":"2026-04-17T05:00:00+00:00","equity":985.15},{"timestamp":"2026-04-17T06:00:00+00:00","equity":987.31},{"timestamp":"2026-04-17T07:00:00+00:00","equity":988.53},{"timestamp":"2026-04-17T08:00:00+00:00","equity":994.43},{"timestamp":"2026-04-17T09:00:00+00:00","equity":994.76},{"timestamp":"2026-04-17T10:00:00+00:00","equity":991.36},{"timestamp":"2026-04-17T11:00:00+00:00","equity":994.0},{"timestamp":"2026-04-17T12:00:00+00:00","equity":999.07},{"timestamp":"2026-04-17T13:00:00+00:00","equity":1006.0},{"timestamp":"2026-04-17T14:00:00+00:00","equity":1009.05},{"timestamp":"2026-04-17T15:00:00+00:00","equity":1008.43},{"timestamp":"2026-04-17T16:00:00+00:00","equity":1008.73},{"timestamp":"2026-04-17T17:00:00+00:00","equity":1007.15},{"timestamp":"2026-04-17T18:00:00+00:00","equity":1005.5},{"timestamp":"2026-04-17T19:00:00+00:00","equity":1006.94},{"timestamp":"2026-04-17T20:00:00+00:00","equity":1006.24},{"timestamp":"2026-04-17T21:00:00+00:00","equity":1006.74},{"timestamp":"2026-04-17T22:00:00+00:00","equity":1006.12},{"timestamp":"2026-04-17T23:00:00+00:00","equity":1005.0},{"timestamp":"2026-04-18T00:00:00+00:00","equity":1005.45},{"timestamp":"2026-04-18T01:00:00+00:00","equity":1005.71},{"timestamp":"2026-04-18T02:00:00+00:00","equity":1006.04},{"timestamp":"2026-04-18T03:00:00+00:00","equity":1004.74},{"timestamp":"2026-04-18T04:00:00+00:00","equity":1005.24},{"timestamp":"2026-04-18T05:00:00+00:00","equity":1005.33},{"timestamp":"2026-04-18T06:00:00+00:00","equity":1005.29},{"timestamp":"2026-04-18T07:00:00+00:00","equity":1004.65},{"timestamp":"2026-04-18T08:00:00+00:00","equity":1003.31},{"timestamp":"2026-04-18T09:00:00+00:00","equity":1002.56},{"timestamp":"2026-04-18T10:00:00+00:00","equity":1000.2},{"timestamp":"2026-04-18T11:00:00+00:00","equity":999.38},{"timestamp":"2026-04-18T12:00:00+00:00","equity":1000.56},{"timestamp":"2026-04-18T13:00:00+00:00","equity":999.93},{"timestamp":"2026-04-18T14:00:00+00:00","equity":1000.85},{"timestamp":"2026-04-18T15:00:00+00:00","equity":1000.23},{"timestamp":"2026-04-18T16:00:00+00:00","equity":998.67},{"timestamp":"2026-04-18T17:00:00+00:00","equity":997.86},{"timestamp":"2026-04-18T18:00:00+00:00","equity":996.61},{"timestamp":"2026-04-18T19:00:00+00:00","equity":996.65},{"timestamp":"2026-04-18T20:00:00+00:00","equity":997.39},{"timestamp":"2026-04-18T21:00:00+00:00","equity":997.88},{"timestamp":"2026-04-18T22:00:00+00:00","equity":997.82},{"timestamp":"2026-04-18T23:00:00+00:00","equity":997.01},{"timestamp":"2026-04-19T00:00:00+00:00","equity":996.84},{"timestamp":"2026-04-19T01:00:00+00:00","equity":996.46},{"timestamp":"2026-04-19T02:00:00+00:00","equity":995.57},{"timestamp":"2026-04-19T03:00:00+00:00","equity":995.75},{"timestamp":"2026-04-19T04:00:00+00:00","equity":996.8},{"timestamp":"2026-04-19T05:00:00+00:00","equity":995.96},{"timestamp":"2026-04-19T06:00:00+00:00","equity":994.91},{"timestamp":"2026-04-19T07:00:00+00:00","equity":994.1},{"timestamp":"2026-04-19T08:00:00+00:00","equity":994.11},{"timestamp":"2026-04-19T09:00:00+00:00","equity":992.17},{"timestamp":"2026-04-19T10:00:00+00:00","equity":993.73},{"timestamp":"2026-04-19T11:00:00+00:00","equity":996.93},{"timestamp":"2026-04-19T12:00:00+00:00","equity":996.72},{"timestamp":"2026-04-19T13:00:00+00:00","equity":999.57},{"timestamp":"2026-04-19T14:00:00+00:00","equity":1000.28},{"timestamp":"2026-04-19T15:00:00+00:00","equity":999.03},{"timestamp":"2026-04-19T16:00:00+00:00","equity":995.76},{"timestamp":"2026-04-19T17:00:00+00:00","equity":991.19},{"timestamp":"2026-04-19T18:00:00+00:00","equity":991.07},{"timestamp":"2026-04-19T19:00:00+00:00","equity":992.53},{"timestamp":"2026-04-19T20:00:00+00:00","equity":989.89},{"timestamp":"2026-04-19T21:00:00+00:00","equity":988.24},{"timestamp":"2026-04-19T22:00:00+00:00","equity":984.75},{"timestamp":"2026-04-19T23:00:00+00:00","equity":982.33},{"timestamp":"2026-04-20T00:00:00+00:00","equity":986.94},{"timestamp":"2026-04-20T01:00:00+00:00","equity":989.92},{"timestamp":"2026-04-20T02:00:00+00:00","equity":988.21},{"timestamp":"2026-04-20T03:00:00+00:00","equity":990.33},{"timestamp":"2026-04-20T04:00:00+00:00","equity":989.65},{"timestamp":"2026-04-20T05:00:00+00:00","equity":986.87},{"timestamp":"2026-04-20T06:00:00+00:00","equity":991.79},{"timestamp":"2026-04-20T07:00:00+00:00","equity":992.44},{"timestamp":"2026-04-20T08:00:00+00:00","equity":991.61},{"timestamp":"2026-04-20T09:00:00+00:00","equity":994.41},{"timestamp":"2026-04-20T10:00:00+00:00","equity":994.15},{"timestamp":"2026-04-20T11:00:00+00:00","equity":995.5},{"timestamp":"2026-04-20T12:00:00+00:00","equity":996.23},{"timestamp":"2026-04-20T13:00:00+00:00","equity":996.18},{"timestamp":"2026-04-20T14:00:00+00:00","equity":994.18},{"timestamp":"2026-04-20T15:00:00+00:00","equity":999.73},{"timestamp":"2026-04-20T16:00:00+00:00","equity":996.69},{"timestamp":"2026-04-20T17:00:00+00:00","equity":1001.26},{"timestamp":"2026-04-20T18:00:00+00:00","equity":1004.89},{"timestamp":"2026-04-20T19:00:00+00:00","equity":1004.02},{"timestamp":"2026-04-20T20:00:00+00:00","equity":1003.92},{"timestamp":"2026-04-20T21:00:00+00:00","equity":1001.62},{"timestamp":"2026-04-20T22:00:00+00:00","equity":1001.74},{"timestamp":"2026-04-20T23:00:00+00:00","equity":1000.84},{"timestamp":"2026-04-21T00:00:00+00:00","equity":1002.6},{"timestamp":"2026-04-21T01:00:00+00:00","equity":1001.39},{"timestamp":"2026-04-21T02:00:00+00:00","equity":999.01},{"timestamp":"2026-04-21T03:00:00+00:00","equity":999.9},{"timestamp":"2026-04-21T04:00:00+00:00","equity":1000.59},{"timestamp":"2026-04-21T05:00:00+00:00","equity":1000.56},{"timestamp":"2026-04-21T06:00:00+00:00","equity":1001.72},{"timestamp":"2026-04-21T07:00:00+00:00","equity":1002.53},{"timestamp":"2026-04-21T08:00:00+00:00","equity":1005.51},{"timestamp":"2026-04-21T09:00:00+00:00","equity":1004.42},{"timestamp":"2026-04-21T10:00:00+00:00","equity":1007.15},{"timestamp":"2026-04-21T11:00:00+00:00","equity":1005.43},{"timestamp":"2026-04-21T12:00:00+00:00","equity":1002.96},{"timestamp":"2026-04-21T13:00:00+00:00","equity":1002.1},{"timestamp":"2026-04-21T14:00:00+00:00","equity":1000.47},{"timestamp":"2026-04-21T15:00:00+00:00","equity":1001.6},{"timestamp":"2026-04-21T16:00:00+00:00","equity":1001.22},{"timestamp":"2026-04-21T17:00:00+00:00","equity":1000.11},{"timestamp":"2026-04-21T18:00:00+00:00","equity":1000.57},{"timestamp":"2026-04-21T19:00:00+00:00","equity":995.63},{"timestamp":"2026-04-21T20:00:00+00:00","equity":1001.56},{"timestamp":"2026-04-21T21:00:00+00:00","equity":1000.09},{"timestamp":"2026-04-21T22:00:00+00:00","equity":1000.89},{"timestamp":"2026-04-21T23:00:00+00:00","equity":1006.07},{"timestamp":"2026-04-22T00:00:00+00:00","equity":1005.94},{"timestamp":"2026-04-22T01:00:00+00:00","equity":1005.79},{"timestamp":"2026-04-22T02:00:00+00:00","equity":1013.95},{"timestamp":"2026-04-22T03:00:00+00:00","equity":1013.46},{"timestamp":"2026-04-22T04:00:00+00:00","equity":1013.42},{"timestamp":"2026-04-22T05:00:00+00:00","equity":1015.68},{"timestamp":"2026-04-22T06:00:00+00:00","equity":1015.83},{"timestamp":"2026-04-22T07:00:00+00:00","equity":1015.76},{"timestamp":"2026-04-22T08:00:00+00:00","equity":1015.86},{"timestamp":"2026-04-22T09:00:00+00:00","equity":1015.89},{"timestamp":"2026-04-22T10:00:00+00:00","equity":1016.58},{"timestamp":"2026-04-22T11:00:00+00:00","equity":1017.2},{"timestamp":"2026-04-22T12:00:00+00:00","equity":1016.93},{"timestamp":"2026-04-22T13:00:00+00:00","equity":1019.41},{"timestamp":"2026-04-22T14:00:00+00:00","equity":1020.06},{"timestamp":"2026-04-22T15:00:00+00:00","equity":1020.91},{"timestamp":"2026-04-22T16:00:00+00:00","equity":1019.04},{"timestamp":"2026-04-22T17:00:00+00:00","equity":1019.53},{"timestamp":"2026-04-22T18:00:00+00:00","equity":1020.01},{"timestamp":"2026-04-22T19:00:00+00:00","equity":1019.43},{"timestamp":"2026-04-22T20:00:00+00:00","equity":1017.95},{"timestamp":"2026-04-22T21:00:00+00:00","equity":1019.09},{"timestamp":"2026-04-22T22:00:00+00:00","equity":1018.57},{"timestamp":"2026-04-22T23:00:00+00:00","equity":1017.08},{"timestamp":"2026-04-23T00:00:00+00:00","equity":1018.73},{"timestamp":"2026-04-23T01:00:00+00:00","equity":1018.42},{"timestamp":"2026-04-23T02:00:00+00:00","equity":1016.51},{"timestamp":"2026-04-23T03:00:00+00:00","equity":1015.64},{"timestamp":"2026-04-23T04:00:00+00:00","equity":1016.36},{"timestamp":"2026-04-23T05:00:00+00:00","equity":1016.79},{"timestamp":"2026-04-23T06:00:00+00:00","equity":1017.76},{"timestamp":"2026-04-23T07:00:00+00:00","equity":1017.06},{"timestamp":"2026-04-23T08:00:00+00:00","equity":1016.1},{"timestamp":"2026-04-23T09:00:00+00:00","equity":1015.17},{"timestamp":"2026-04-23T10:00:00+00:00","equity":1014.02},{"timestamp":"2026-04-23T11:00:00+00:00","equity":1015.38},{"timestamp":"2026-04-23T12:00:00+00:00","equity":1016.22},{"timestamp":"2026-04-23T13:00:00+00:00","equity":1014.63},{"timestamp":"2026-04-23T14:00:00+00:00","equity":1017.66},{"timestamp":"2026-04-23T15:00:00+00:00","equity":1018.72},{"timestamp":"2026-04-23T16:00:00+00:00","equity":1017.75},{"timestamp":"2026-04-23T17:00:00+00:00","equity":1016.66},{"timestamp":"2026-04-23T18:00:00+00:00","equity":1016.4},{"timestamp":"2026-04-23T19:00:00+00:00","equity":1016.42},{"timestamp":"2026-04-23T20:00:00+00:00","equity":1017.17},{"timestamp":"2026-04-23T21:00:00+00:00","equity":1017.14},{"timestamp":"2026-04-23T22:00:00+00:00","equity":1018.8},{"timestamp":"2026-04-23T23:00:00+00:00","equity":1018.89},{"timestamp":"2026-04-24T00:00:00+00:00","equity":1019.62},{"timestamp":"2026-04-24T01:00:00+00:00","equity":1019.74},{"timestamp":"2026-04-24T02:00:00+00:00","equity":1018.31},{"timestamp":"2026-04-24T03:00:00+00:00","equity":1016.47},{"timestamp":"2026-04-24T04:00:00+00:00","equity":1016.14},{"timestamp":"2026-04-24T05:00:00+00:00","equity":1017.48},{"timestamp":"2026-04-24T06:00:00+00:00","equity":1016.74},{"timestamp":"2026-04-24T07:00:00+00:00","equity":1016.11},{"timestamp":"2026-04-24T08:00:00+00:00","equity":1016.72},{"timestamp":"2026-04-24T09:00:00+00:00","equity":1015.54},{"timestamp":"2026-04-24T10:00:00+00:00","equity":1016.51},{"timestamp":"2026-04-24T11:00:00+00:00","equity":1018.78},{"timestamp":"2026-04-24T12:00:00+00:00","equity":1018.93},{"timestamp":"2026-04-24T13:00:00+00:00","equity":1018.09},{"timestamp":"2026-04-24T14:00:00+00:00","equity":1017.94},{"timestamp":"2026-04-24T15:00:00+00:00","equity":1017.91},{"timestamp":"2026-04-24T16:00:00+00:00","equity":1016.7},{"timestamp":"2026-04-24T17:00:00+00:00","equity":1016.25},{"timestamp":"2026-04-24T18:00:00+00:00","equity":1015.93},{"timestamp":"2026-04-24T19:00:00+00:00","equity":1016.03},{"timestamp":"2026-04-24T20:00:00+00:00","equity":1016.44},{"timestamp":"2026-04-24T21:00:00+00:00","equity":1015.6},{"timestamp":"2026-04-24T22:00:00+00:00","equity":1014.65},{"timestamp":"2026-04-24T23:00:00+00:00","equity":1015.12},{"timestamp":"2026-04-25T00:00:00+00:00","equity":1015.22},{"timestamp":"2026-04-25T01:00:00+00:00","equity":1015.57},{"timestamp":"2026-04-25T02:00:00+00:00","equity":1015.94},{"timestamp":"2026-04-25T03:00:00+00:00","equity":1016.1},{"timestamp":"2026-04-25T04:00:00+00:00","equity":1015.95},{"timestamp":"2026-04-25T05:00:00+00:00","equity":1015.49},{"timestamp":"2026-04-25T06:00:00+00:00","equity":1015.42},{"timestamp":"2026-04-25T07:00:00+00:00","equity":1015.45},{"timestamp":"2026-04-25T08:00:00+00:00","equity":1016.09},{"timestamp":"2026-04-25T09:00:00+00:00","equity":1016.39},{"timestamp":"2026-04-25T10:00:00+00:00","equity":1016.72},{"timestamp":"2026-04-25T11:00:00+00:00","equity":1016.21},{"timestamp":"2026-04-25T12:00:00+00:00","equity":1015.64},{"timestamp":"2026-04-25T13:00:00+00:00","equity":1016.22},{"timestamp":"2026-04-25T14:00:00+00:00","equity":1016.13},{"timestamp":"2026-04-25T15:00:00+00:00","equity":1014.63},{"timestamp":"2026-04-25T16:00:00+00:00","equity":1014.97},{"timestamp":"2026-04-25T17:00:00+00:00","equity":1014.26},{"timestamp":"2026-04-25T18:00:00+00:00","equity":1014.43},{"timestamp":"2026-04-25T19:00:00+00:00","equity":1014.56},{"timestamp":"2026-04-25T20:00:00+00:00","equity":1015.29},{"timestamp":"2026-04-25T21:00:00+00:00","equity":1015.55},{"timestamp":"2026-04-25T22:00:00+00:00","equity":1015.64},{"timestamp":"2026-04-25T23:00:00+00:00","equity":1015.99},{"timestamp":"2026-04-26T00:00:00+00:00","equity":1015.39},{"timestamp":"2026-04-26T01:00:00+00:00","equity":1015.19},{"timestamp":"2026-04-26T02:00:00+00:00","equity":1015.51},{"timestamp":"2026-04-26T03:00:00+00:00","equity":1014.88},{"timestamp":"2026-04-26T04:00:00+00:00","equity":1016.64},{"timestamp":"2026-04-26T05:00:00+00:00","equity":1017.62},{"timestamp":"2026-04-26T06:00:00+00:00","equity":1017.69},{"timestamp":"2026-04-26T07:00:00+00:00","equity":1018.18},{"timestamp":"2026-04-26T08:00:00+00:00","equity":1017.83},{"timestamp":"2026-04-26T09:00:00+00:00","equity":1017.72},{"timestamp":"2026-04-26T10:00:00+00:00","equity":1017.71},{"timestamp":"2026-04-26T11:00:00+00:00","equity":1018.14},{"timestamp":"2026-04-26T12:00:00+00:00","equity":1016.91},{"timestamp":"2026-04-26T13:00:00+00:00","equity":1017.57},{"timestamp":"2026-04-26T14:00:00+00:00","equity":1018.1},{"timestamp":"2026-04-26T15:00:00+00:00","equity":1017.93},{"timestamp":"2026-04-26T16:00:00+00:00","equity":1017.39},{"timestamp":"2026-04-26T17:00:00+00:00","equity":1017.77},{"timestamp":"2026-04-26T18:00:00+00:00","equity":1018.99},{"timestamp":"2026-04-26T19:00:00+00:00","equity":1018.78},{"timestamp":"2026-04-26T20:00:00+00:00","equity":1018.65},{"timestamp":"2026-04-26T21:00:00+00:00","equity":1019.75},{"timestamp":"2026-04-26T22:00:00+00:00","equity":1019.39},{"timestamp":"2026-04-26T23:00:00+00:00","equity":1020.53},{"timestamp":"2026-04-27T00:00:00+00:00","equity":1022.63},{"timestamp":"2026-04-27T01:00:00+00:00","equity":1022.69},{"timestamp":"2026-04-27T02:00:00+00:00","equity":1022.19},{"timestamp":"2026-04-27T03:00:00+00:00","equity":1022.09},{"timestamp":"2026-04-27T04:00:00+00:00","equity":1021.48},{"timestamp":"2026-04-27T05:00:00+00:00","equity":1018.49},{"timestamp":"2026-04-27T06:00:00+00:00","equity":1018.13},{"timestamp":"2026-04-27T07:00:00+00:00","equity":1017.73},{"timestamp":"2026-04-27T08:00:00+00:00","equity":1018.61},{"timestamp":"2026-04-27T09:00:00+00:00","equity":1019.03},{"timestamp":"2026-04-27T10:00:00+00:00","equity":1018.82},{"timestamp":"2026-04-27T11:00:00+00:00","equity":1018.78},{"timestamp":"2026-04-27T12:00:00+00:00","equity":1017.96},{"timestamp":"2026-04-27T13:00:00+00:00","equity":1018.33},{"timestamp":"2026-04-27T14:00:00+00:00","equity":1018.62},{"timestamp":"2026-04-27T15:00:00+00:00","equity":1014.85},{"timestamp":"2026-04-27T16:00:00+00:00","equity":1013.7},{"timestamp":"2026-04-27T17:00:00+00:00","equity":1014.34},{"timestamp":"2026-04-27T18:00:00+00:00","equity":1014.91},{"timestamp":"2026-04-27T19:00:00+00:00","equity":1015.29},{"timestamp":"2026-04-27T20:00:00+00:00","equity":1015.7},{"timestamp":"2026-04-27T21:00:00+00:00","equity":1014.67},{"timestamp":"2026-04-27T22:00:00+00:00","equity":1016.29},{"timestamp":"2026-04-27T23:00:00+00:00","equity":1018.06},{"timestamp":"2026-04-28T00:00:00+00:00","equity":1018.16},{"timestamp":"2026-04-28T01:00:00+00:00","equity":1016.47},{"timestamp":"2026-04-28T02:00:00+00:00","equity":1015.31},{"timestamp":"2026-04-28T03:00:00+00:00","equity":1014.85},{"timestamp":"2026-04-28T04:00:00+00:00","equity":1015.29},{"timestamp":"2026-04-28T05:00:00+00:00","equity":1015.27},{"timestamp":"2026-04-28T06:00:00+00:00","equity":1014.2},{"timestamp":"2026-04-28T07:00:00+00:00","equity":1015.22},{"timestamp":"2026-04-28T08:00:00+00:00","equity":1015.12},{"timestamp":"2026-04-28T09:00:00+00:00","equity":1013.57},{"timestamp":"2026-04-28T10:00:00+00:00","equity":1013.66},{"timestamp":"2026-04-28T11:00:00+00:00","equity":1011.46},{"timestamp":"2026-04-28T12:00:00+00:00","equity":1012.39},{"timestamp":"2026-04-28T13:00:00+00:00","equity":1011.43},{"timestamp":"2026-04-28T14:00:00+00:00","equity":1009.73},{"timestamp":"2026-04-28T15:00:00+00:00","equity":1010.52},{"timestamp":"2026-04-28T16:00:00+00:00","equity":1010.92},{"timestamp":"2026-04-28T17:00:00+00:00","equity":1011.32},{"timestamp":"2026-04-28T18:00:00+00:00","equity":1011.69},{"timestamp":"2026-04-28T19:00:00+00:00","equity":1012.42},{"timestamp":"2026-04-28T20:00:00+00:00","equity":1013.38},{"timestamp":"2026-04-28T21:00:00+00:00","equity":1012.59},{"timestamp":"2026-04-28T22:00:00+00:00","equity":1011.76},{"timestamp":"2026-04-28T23:00:00+00:00","equity":1012.36},{"timestamp":"2026-04-29T00:00:00+00:00","equity":1013.66},{"timestamp":"2026-04-29T01:00:00+00:00","equity":1013.95},{"timestamp":"2026-04-29T02:00:00+00:00","equity":1013.7},{"timestamp":"2026-04-29T03:00:00+00:00","equity":1016.81},{"timestamp":"2026-04-29T04:00:00+00:00","equity":1018.4},{"timestamp":"2026-04-29T05:00:00+00:00","equity":1018.52},{"timestamp":"2026-04-29T06:00:00+00:00","equity":1016.99},{"timestamp":"2026-04-29T07:00:00+00:00","equity":1017.09},{"timestamp":"2026-04-29T08:00:00+00:00","equity":1017.06},{"timestamp":"2026-04-29T09:00:00+00:00","equity":1020.66},{"timestamp":"2026-04-29T10:00:00+00:00","equity":1020.53},{"timestamp":"2026-04-29T11:00:00+00:00","equity":1020.37},{"timestamp":"2026-04-29T12:00:00+00:00","equity":1018.25},{"timestamp":"2026-04-29T13:00:00+00:00","equity":1016.4},{"timestamp":"2026-04-29T14:00:00+00:00","equity":1015.2},{"timestamp":"2026-04-29T15:00:00+00:00","equity":1011.32},{"timestamp":"2026-04-29T16:00:00+00:00","equity":1010.4},{"timestamp":"2026-04-29T17:00:00+00:00","equity":1012.92},{"timestamp":"2026-04-29T18:00:00+00:00","equity":1009.37},{"timestamp":"2026-04-29T19:00:00+00:00","equity":1009.68},{"timestamp":"2026-04-29T20:00:00+00:00","equity":1010.49},{"timestamp":"2026-04-29T21:00:00+00:00","equity":1012.29},{"timestamp":"2026-04-29T22:00:00+00:00","equity":1012.22},{"timestamp":"2026-04-29T23:00:00+00:00","equity":1011.24},{"timestamp":"2026-04-30T00:00:00+00:00","equity":1014.59},{"timestamp":"2026-04-30T01:00:00+00:00","equity":1014.45},{"timestamp":"2026-04-30T02:00:00+00:00","equity":1010.69},{"timestamp":"2026-04-30T03:00:00+00:00","equity":1012.28},{"timestamp":"2026-04-30T04:00:00+00:00","equity":1009.17},{"timestamp":"2026-04-30T05:00:00+00:00","equity":1009.95},{"timestamp":"2026-04-30T06:00:00+00:00","equity":1011.06},{"timestamp":"2026-04-30T07:00:00+00:00","equity":1013.91},{"timestamp":"2026-04-30T08:00:00+00:00","equity":1013.22},{"timestamp":"2026-04-30T09:00:00+00:00","equity":1013.47},{"timestamp":"2026-04-30T10:00:00+00:00","equity":1012.93},{"timestamp":"2026-04-30T11:00:00+00:00","equity":1013.24},{"timestamp":"2026-04-30T12:00:00+00:00","equity":1014.88},{"timestamp":"2026-04-30T13:00:00+00:00","equity":1015.63},{"timestamp":"2026-04-30T14:00:00+00:00","equity":1014.84},{"timestamp":"2026-04-30T15:00:00+00:00","equity":1016.03},{"timestamp":"2026-04-30T16:00:00+00:00","equity":1014.52},{"timestamp":"2026-04-30T17:00:00+00:00","equity":1014.44},{"timestamp":"2026-04-30T18:00:00+00:00","equity":1015.17},{"timestamp":"2026-04-30T19:00:00+00:00","equity":1015.76},{"timestamp":"2026-04-30T20:00:00+00:00","equity":1016.19},{"timestamp":"2026-04-30T21:00:00+00:00","equity":1014.42},{"timestamp":"2026-04-30T22:00:00+00:00","equity":1014.4},{"timestamp":"2026-04-30T23:00:00+00:00","equity":1015.04},{"timestamp":"2026-05-01T00:00:00+00:00","equity":1015.92},{"timestamp":"2026-05-01T01:00:00+00:00","equity":1017.51},{"timestamp":"2026-05-01T02:00:00+00:00","equity":1016.92},{"timestamp":"2026-05-01T03:00:00+00:00","equity":1020.24},{"timestamp":"2026-05-01T04:00:00+00:00","equity":1019.74},{"timestamp":"2026-05-01T05:00:00+00:00","equity":1020.52},{"timestamp":"2026-05-01T06:00:00+00:00","equity":1019.55},{"timestamp":"2026-05-01T07:00:00+00:00","equity":1020.33},{"timestamp":"2026-05-01T08:00:00+00:00","equity":1021.78},{"timestamp":"2026-05-01T09:00:00+00:00","equity":1021.25},{"timestamp":"2026-05-01T10:00:00+00:00","equity":1021.33},{"timestamp":"2026-05-01T11:00:00+00:00","equity":1022.33},{"timestamp":"2026-05-01T12:00:00+00:00","equity":1024.6},{"timestamp":"2026-05-01T13:00:00+00:00","equity":1028.36},{"timestamp":"2026-05-01T14:00:00+00:00","equity":1027.0},{"timestamp":"2026-05-01T15:00:00+00:00","equity":1027.28},{"timestamp":"2026-05-01T16:00:00+00:00","equity":1026.45},{"timestamp":"2026-05-01T17:00:00+00:00","equity":1027.64},{"timestamp":"2026-05-01T18:00:00+00:00","equity":1027.25},{"timestamp":"2026-05-01T19:00:00+00:00","equity":1027.04},{"timestamp":"2026-05-01T20:00:00+00:00","equity":1025.46},{"timestamp":"2026-05-01T21:00:00+00:00","equity":1027.0},{"timestamp":"2026-05-01T22:00:00+00:00","equity":1026.72},{"timestamp":"2026-05-01T23:00:00+00:00","equity":1027.12},{"timestamp":"2026-05-02T00:00:00+00:00","equity":1027.64},{"timestamp":"2026-05-02T01:00:00+00:00","equity":1027.64},{"timestamp":"2026-05-02T02:00:00+00:00","equity":1027.69},{"timestamp":"2026-05-02T03:00:00+00:00","equity":1027.93},{"timestamp":"2026-05-02T04:00:00+00:00","equity":1026.87},{"timestamp":"2026-05-02T05:00:00+00:00","equity":1026.85},{"timestamp":"2026-05-02T06:00:00+00:00","equity":1027.53},{"timestamp":"2026-05-02T07:00:00+00:00","equity":1027.02},{"timestamp":"2026-05-02T08:00:00+00:00","equity":1027.49},{"timestamp":"2026-05-02T09:00:00+00:00","equity":1027.42},{"timestamp":"2026-05-02T10:00:00+00:00","equity":1027.19},{"timestamp":"2026-05-02T11:00:00+00:00","equity":1026.72},{"timestamp":"2026-05-02T12:00:00+00:00","equity":1027.02},{"timestamp":"2026-05-02T13:00:00+00:00","equity":1027.72},{"timestamp":"2026-05-02T14:00:00+00:00","equity":1027.95},{"timestamp":"2026-05-02T15:00:00+00:00","equity":1028.27},{"timestamp":"2026-05-02T16:00:00+00:00","equity":1028.09},{"timestamp":"2026-05-02T17:00:00+00:00","equity":1027.85},{"timestamp":"2026-05-02T18:00:00+00:00","equity":1028.14},{"timestamp":"2026-05-02T19:00:00+00:00","equity":1028.21},{"timestamp":"2026-05-02T20:00:00+00:00","equity":1028.15},{"timestamp":"2026-05-02T21:00:00+00:00","equity":1029.18},{"timestamp":"2026-05-02T22:00:00+00:00","equity":1029.55},{"timestamp":"2026-05-02T23:00:00+00:00","equity":1029.03},{"timestamp":"2026-05-03T00:00:00+00:00","equity":1028.58},{"timestamp":"2026-05-03T01:00:00+00:00","equity":1027.55},{"timestamp":"2026-05-03T02:00:00+00:00","equity":1027.25},{"timestamp":"2026-05-03T03:00:00+00:00","equity":1027.36},{"timestamp":"2026-05-03T04:00:00+00:00","equity":1027.26},{"timestamp":"2026-05-03T05:00:00+00:00","equity":1027.51},{"timestamp":"2026-05-03T06:00:00+00:00","equity":1027.66},{"timestamp":"2026-05-03T07:00:00+00:00","equity":1027.92},{"timestamp":"2026-05-03T08:00:00+00:00","equity":1027.99},{"timestamp":"2026-05-03T09:00:00+00:00","equity":1028.52},{"timestamp":"2026-05-03T10:00:00+00:00","equity":1028.08},{"timestamp":"2026-05-03T11:00:00+00:00","equity":1028.94},{"timestamp":"2026-05-03T12:00:00+00:00","equity":1029.25},{"timestamp":"2026-05-03T13:00:00+00:00","equity":1028.93},{"timestamp":"2026-05-03T14:00:00+00:00","equity":1029.16},{"timestamp":"2026-05-03T15:00:00+00:00","equity":1028.94},{"timestamp":"2026-05-03T16:00:00+00:00","equity":1028.92},{"timestamp":"2026-05-03T17:00:00+00:00","equity":1029.17},{"timestamp":"2026-05-03T18:00:00+00:00","equity":1029.2},{"timestamp":"2026-05-03T19:00:00+00:00","equity":1029.27},{"timestamp":"2026-05-03T20:00:00+00:00","equity":1029.85},{"timestamp":"2026-05-03T21:00:00+00:00","equity":1029.51},{"timestamp":"2026-05-03T22:00:00+00:00","equity":1030.71},{"timestamp":"2026-05-03T23:00:00+00:00","equity":1028.61},{"timestamp":"2026-05-04T00:00:00+00:00","equity":1028.53},{"timestamp":"2026-05-04T01:00:00+00:00","equity":1032.35},{"timestamp":"2026-05-04T02:00:00+00:00","equity":1033.3},{"timestamp":"2026-05-04T03:00:00+00:00","equity":1033.61},{"timestamp":"2026-05-04T04:00:00+00:00","equity":1033.66},{"timestamp":"2026-05-04T05:00:00+00:00","equity":1033.32},{"timestamp":"2026-05-04T06:00:00+00:00","equity":1033.53},{"timestamp":"2026-05-04T07:00:00+00:00","equity":1033.13},{"timestamp":"2026-05-04T08:00:00+00:00","equity":1033.15},{"timestamp":"2026-05-04T09:00:00+00:00","equity":1033.43},{"timestamp":"2026-05-04T10:00:00+00:00","equity":1032.36},{"timestamp":"2026-05-04T11:00:00+00:00","equity":1032.02},{"timestamp":"2026-05-04T12:00:00+00:00","equity":1032.18},{"timestamp":"2026-05-04T13:00:00+00:00","equity":1032.16},{"timestamp":"2026-05-04T14:00:00+00:00","equity":1036.38},{"timestamp":"2026-05-04T15:00:00+00:00","equity":1036.75},{"timestamp":"2026-05-04T16:00:00+00:00","equity":1036.72},{"timestamp":"2026-05-04T17:00:00+00:00","equity":1037.49},{"timestamp":"2026-05-04T18:00:00+00:00","equity":1037.18},{"timestamp":"2026-05-04T19:00:00+00:00","equity":1037.11},{"timestamp":"2026-05-04T20:00:00+00:00","equity":1036.98},{"timestamp":"2026-05-04T21:00:00+00:00","equity":1037.35},{"timestamp":"2026-05-04T22:00:00+00:00","equity":1037.12},{"timestamp":"2026-05-04T23:00:00+00:00","equity":1036.88},{"timestamp":"2026-05-05T00:00:00+00:00","equity":1037.24},{"timestamp":"2026-05-05T01:00:00+00:00","equity":1037.45},{"timestamp":"2026-05-05T02:00:00+00:00","equity":1037.67},{"timestamp":"2026-05-05T03:00:00+00:00","equity":1038.05},{"timestamp":"2026-05-05T04:00:00+00:00","equity":1038.07},{"timestamp":"2026-05-05T05:00:00+00:00","equity":1038.15},{"timestamp":"2026-05-05T06:00:00+00:00","equity":1038.15},{"timestamp":"2026-05-05T07:00:00+00:00","equity":1038.03},{"timestamp":"2026-05-05T08:00:00+00:00","equity":1037.98},{"timestamp":"2026-05-05T09:00:00+00:00","equity":1037.72},{"timestamp":"2026-05-05T10:00:00+00:00","equity":1038.0},{"timestamp":"2026-05-05T11:00:00+00:00","equity":1038.21},{"timestamp":"2026-05-05T12:00:00+00:00","equity":1038.51},{"timestamp":"2026-05-05T13:00:00+00:00","equity":1038.47},{"timestamp":"2026-05-05T14:00:00+00:00","equity":1038.47},{"timestamp":"2026-05-05T15:00:00+00:00","equity":1038.47},{"timestamp":"2026-05-05T16:00:00+00:00","equity":1038.47},{"timestamp":"2026-05-05T17:00:00+00:00","equity":1038.47},{"timestamp":"2026-05-05T18:00:00+00:00","equity":1038.47},{"timestamp":"2026-05-05T19:00:00+00:00","equity":1038.47},{"timestamp":"2026-05-05T20:00:00+00:00","equity":1038.47},{"timestamp":"2026-05-05T21:00:00+00:00","equity":1038.47},{"timestamp":"2026-05-05T22:00:00+00:00","equity":1038.47},{"timestamp":"2026-05-05T23:00:00+00:00","equity":1038.47},{"timestamp":"2026-05-06T00:00:00+00:00","equity":1038.47},{"timestamp":"2026-05-06T01:00:00+00:00","equity":1038.47},{"timestamp":"2026-05-06T02:00:00+00:00","equity":1038.47},{"timestamp":"2026-05-06T03:00:00+00:00","equity":1038.47},{"timestamp":"2026-05-06T04:00:00+00:00","equity":1038.47},{"timestamp":"2026-05-06T05:00:00+00:00","equity":1038.47},{"timestamp":"2026-05-06T06:00:00+00:00","equity":1038.47},{"timestamp":"2026-05-06T07:00:00+00:00","equity":1038.47},{"timestamp":"2026-05-06T08:00:00+00:00","equity":1038.47},{"timestamp":"2026-05-06T09:00:00+00:00","equity":1038.47},{"timestamp":"2026-05-06T10:00:00+00:00","equity":1038.47},{"timestamp":"2026-05-06T11:00:00+00:00","equity":1038.47},{"timestamp":"2026-05-06T12:00:00+00:00","equity":1038.47},{"timestamp":"2026-05-06T13:00:00+00:00","equity":1038.47},{"timestamp":"2026-05-06T14:00:00+00:00","equity":1038.47},{"timestamp":"2026-05-06T15:00:00+00:00","equity":1038.47},{"timestamp":"2026-05-06T16:00:00+00:00","equity":1038.47},{"timestamp":"2026-05-06T17:00:00+00:00","equity":1038.47},{"timestamp":"2026-05-06T18:00:00+00:00","equity":1038.47},{"timestamp":"2026-05-06T19:00:00+00:00","equity":1038.47},{"timestamp":"2026-05-06T20:00:00+00:00","equity":1038.47},{"timestamp":"2026-05-06T21:00:00+00:00","equity":1038.47},{"timestamp":"2026-05-06T22:00:00+00:00","equity":1038.47},{"timestamp":"2026-05-06T23:00:00+00:00","equity":1038.47},{"timestamp":"2026-05-07T00:00:00+00:00","equity":1038.47},{"timestamp":"2026-05-07T01:00:00+00:00","equity":1038.47},{"timestamp":"2026-05-07T02:00:00+00:00","equity":1038.47},{"timestamp":"2026-05-07T03:00:00+00:00","equity":1038.47},{"timestamp":"2026-05-07T04:00:00+00:00","equity":1038.47},{"timestamp":"2026-05-07T05:00:00+00:00","equity":1038.47},{"timestamp":"2026-05-07T06:00:00+00:00","equity":1038.47},{"timestamp":"2026-05-07T07:00:00+00:00","equity":1038.47},{"timestamp":"2026-05-07T08:00:00+00:00","equity":1038.47},{"timestamp":"2026-05-07T09:00:00+00:00","equity":1038.47},{"timestamp":"2026-05-07T10:00:00+00:00","equity":1038.47},{"timestamp":"2026-05-07T11:00:00+00:00","equity":1038.47},{"timestamp":"2026-05-07T12:00:00+00:00","equity":1038.47},{"timestamp":"2026-05-07T13:00:00+00:00","equity":1038.55},{"timestamp":"2026-05-07T14:00:00+00:00","equity":1038.17},{"timestamp":"2026-05-07T15:00:00+00:00","equity":1037.85},{"timestamp":"2026-05-07T16:00:00+00:00","equity":1037.74},{"timestamp":"2026-05-07T17:00:00+00:00","equity":1038.75},{"timestamp":"2026-05-07T18:00:00+00:00","equity":1039.0},{"timestamp":"2026-05-07T19:00:00+00:00","equity":1038.82},{"timestamp":"2026-05-07T20:00:00+00:00","equity":1038.25},{"timestamp":"2026-05-07T21:00:00+00:00","equity":1037.91},{"timestamp":"2026-05-07T22:00:00+00:00","equity":1038.33},{"timestamp":"2026-05-07T23:00:00+00:00","equity":1038.53},{"timestamp":"2026-05-08T00:00:00+00:00","equity":1038.13},{"timestamp":"2026-05-08T01:00:00+00:00","equity":1037.73},{"timestamp":"2026-05-08T03:00:00+00:00","equity":1037.52},{"timestamp":"2026-05-08T04:00:00+00:00","equity":1037.73},{"timestamp":"2026-05-08T05:00:00+00:00","equity":1037.69},{"timestamp":"2026-05-08T06:00:00+00:00","equity":1037.33},{"timestamp":"2026-05-08T07:00:00+00:00","equity":1037.71},{"timestamp":"2026-05-08T08:00:00+00:00","equity":1038.38},{"timestamp":"2026-05-08T09:00:00+00:00","equity":1038.2},{"timestamp":"2026-05-08T10:00:00+00:00","equity":1039.01},{"timestamp":"2026-05-08T11:00:00+00:00","equity":1039.05},{"timestamp":"2026-05-08T12:00:00+00:00","equity":1038.96},{"timestamp":"2026-05-08T13:00:00+00:00","equity":1038.48},{"timestamp":"2026-05-08T14:00:00+00:00","equity":1039.08},{"timestamp":"2026-05-08T15:00:00+00:00","equity":1039.07},{"timestamp":"2026-05-08T16:00:00+00:00","equity":1038.68},{"timestamp":"2026-05-08T17:00:00+00:00","equity":1038.99},{"timestamp":"2026-05-08T18:00:00+00:00","equity":1039.02},{"timestamp":"2026-05-08T19:00:00+00:00","equity":1039.05},{"timestamp":"2026-05-08T20:00:00+00:00","equity":1039.08},{"timestamp":"2026-05-08T21:00:00+00:00","equity":1039.22},{"timestamp":"2026-05-08T22:00:00+00:00","equity":1039.24},{"timestamp":"2026-05-08T23:00:00+00:00","equity":1039.15},{"timestamp":"2026-05-09T00:00:00+00:00","equity":1039.19},{"timestamp":"2026-05-09T01:00:00+00:00","equity":1039.29},{"timestamp":"2026-05-09T02:00:00+00:00","equity":1039.39},{"timestamp":"2026-05-09T03:00:00+00:00","equity":1039.36},{"timestamp":"2026-05-09T04:00:00+00:00","equity":1039.37},{"timestamp":"2026-05-09T05:00:00+00:00","equity":1039.36},{"timestamp":"2026-05-09T06:00:00+00:00","equity":1039.21},{"timestamp":"2026-05-09T07:00:00+00:00","equity":1039.18},{"timestamp":"2026-05-09T08:00:00+00:00","equity":1039.38},{"timestamp":"2026-05-09T09:00:00+00:00","equity":1039.2},{"timestamp":"2026-05-09T10:00:00+00:00","equity":1039.23},{"timestamp":"2026-05-09T11:00:00+00:00","equity":1039.31},{"timestamp":"2026-05-09T12:00:00+00:00","equity":1039.38},{"timestamp":"2026-05-09T13:00:00+00:00","equity":1039.38},{"timestamp":"2026-05-09T14:00:00+00:00","equity":1039.3},{"timestamp":"2026-05-09T15:00:00+00:00","equity":1039.52},{"timestamp":"2026-05-09T16:00:00+00:00","equity":1039.62},{"timestamp":"2026-05-09T17:00:00+00:00","equity":1039.83},{"timestamp":"2026-05-09T18:00:00+00:00","equity":1039.85}],"bar_count":714,"bars":[{"timestamp":"2026-04-10T00:00:00+00:00","open":71783.515625,"high":72004.9296875,"low":71609.296875,"close":71907.890625,"volume":0.0},{"timestamp":"2026-04-10T01:00:00+00:00","open":71932.625,"high":72377.25,"low":71730.296875,"close":72172.6484375,"volume":403632128.0},{"timestamp":"2026-04-10T02:00:00+00:00","open":72166.3984375,"high":72281.828125,"low":71928.1953125,"close":71953.8515625,"volume":0.0},{"timestamp":"2026-04-10T03:00:00+00:00","open":71961.484375,"high":71974.7890625,"low":71817.3515625,"close":71866.9375,"volume":0.0},{"timestamp":"2026-04-10T04:00:00+00:00","open":71888.7265625,"high":72114.984375,"low":71845.609375,"close":72075.203125,"volume":367677440.0},{"timestamp":"2026-04-10T05:00:00+00:00","open":72101.890625,"high":72255.078125,"low":72027.4140625,"close":72110.9609375,"volume":370974720.0},{"timestamp":"2026-04-10T06:00:00+00:00","open":72124.4765625,"high":72148.390625,"low":71804.453125,"close":71818.6171875,"volume":0.0},{"timestamp":"2026-04-10T07:00:00+00:00","open":71817.7890625,"high":71827.6640625,"low":71445.828125,"close":71474.5234375,"volume":0.0},{"timestamp":"2026-04-10T08:00:00+00:00","open":71484.5546875,"high":71747.3671875,"low":71444.78125,"close":71601.859375,"volume":250580992.0},{"timestamp":"2026-04-10T09:00:00+00:00","open":71607.3828125,"high":71853.765625,"low":71597.328125,"close":71796.2734375,"volume":0.0},{"timestamp":"2026-04-10T10:00:00+00:00","open":71790.0390625,"high":71927.125,"low":71724.765625,"close":71927.125,"volume":0.0},{"timestamp":"2026-04-10T11:00:00+00:00","open":71914.7734375,"high":72250.0703125,"low":71914.7734375,"close":72120.9609375,"volume":588943360.0},{"timestamp":"2026-04-10T12:00:00+00:00","open":72123.65625,"high":72420.3515625,"low":72051.0234375,"close":72259.9296875,"volume":67821568.0},{"timestamp":"2026-04-10T13:00:00+00:00","open":72259.9375,"high":72353.125,"low":71946.921875,"close":72353.125,"volume":655417344.0},{"timestamp":"2026-04-10T14:00:00+00:00","open":72328.6796875,"high":73117.5390625,"low":72328.6796875,"close":72902.0234375,"volume":2228338688.0},{"timestamp":"2026-04-10T15:00:00+00:00","open":72958.8125,"high":73289.9140625,"low":72403.5390625,"close":72403.5390625,"volume":0.0},{"timestamp":"2026-04-10T16:00:00+00:00","open":72431.109375,"high":73034.765625,"low":72420.078125,"close":73034.765625,"volume":0.0},{"timestamp":"2026-04-10T17:00:00+00:00","open":73002.578125,"high":73114.03125,"low":72838.140625,"close":73101.09375,"volume":0.0},{"timestamp":"2026-04-10T18:00:00+00:00","open":73134.140625,"high":73134.140625,"low":72913.828125,"close":73114.046875,"volume":0.0},{"timestamp":"2026-04-10T19:00:00+00:00","open":73118.453125,"high":73263.1015625,"low":72945.1015625,"close":73234.4453125,"volume":53522432.0},{"timestamp":"2026-04-10T20:00:00+00:00","open":73218.1953125,"high":73421.8125,"low":73081.796875,"close":73377.0703125,"volume":496521216.0},{"timestamp":"2026-04-10T21:00:00+00:00","open":73371.953125,"high":73371.953125,"low":72993.9296875,"close":73203.6953125,"volume":0.0},{"timestamp":"2026-04-10T22:00:00+00:00","open":73202.296875,"high":73223.703125,"low":72834.515625,"close":72919.671875,"volume":0.0},{"timestamp":"2026-04-10T23:00:00+00:00","open":72908.984375,"high":72976.125,"low":72822.1328125,"close":72976.125,"volume":9138176.0},{"timestamp":"2026-04-11T00:00:00+00:00","open":72974.1953125,"high":72974.1953125,"low":72829.4453125,"close":72841.375,"volume":0.0},{"timestamp":"2026-04-11T01:00:00+00:00","open":72844.015625,"high":73003.703125,"low":72722.609375,"close":72955.96875,"volume":0.0},{"timestamp":"2026-04-11T02:00:00+00:00","open":72954.3125,"high":73116.5234375,"low":72946.8203125,"close":72984.203125,"volume":27906048.0},{"timestamp":"2026-04-11T03:00:00+00:00","open":72981.1484375,"high":73098.7265625,"low":72867.390625,"close":72867.390625,"volume":0.0},{"timestamp":"2026-04-11T04:00:00+00:00","open":72886.9375,"high":72972.625,"low":72738.515625,"close":72824.890625,"volume":0.0},{"timestamp":"2026-04-11T05:00:00+00:00","open":72843.453125,"high":72862.75,"low":72706.6484375,"close":72759.265625,"volume":0.0},{"timestamp":"2026-04-11T06:00:00+00:00","open":72744.8828125,"high":72801.0859375,"low":72676.46875,"close":72801.0859375,"volume":0.0},{"timestamp":"2026-04-11T07:00:00+00:00","open":72794.328125,"high":72848.59375,"low":72719.5390625,"close":72738.2890625,"volume":0.0},{"timestamp":"2026-04-11T08:00:00+00:00","open":72768.2421875,"high":72820.59375,"low":72681.109375,"close":72715.7109375,"volume":0.0},{"timestamp":"2026-04-11T09:00:00+00:00","open":72704.0703125,"high":72917.6328125,"low":72659.4375,"close":72913.359375,"volume":0.0},{"timestamp":"2026-04-11T10:00:00+00:00","open":72937.609375,"high":72938.2265625,"low":72797.5703125,"close":72864.703125,"volume":0.0},{"timestamp":"2026-04-11T11:00:00+00:00","open":72861.7109375,"high":72945.75,"low":72858.3828125,"close":72925.703125,"volume":0.0},{"timestamp":"2026-04-11T12:00:00+00:00","open":72923.6796875,"high":73003.6796875,"low":72846.046875,"close":72967.8203125,"volume":0.0},{"timestamp":"2026-04-11T13:00:00+00:00","open":72844.8203125,"high":72847.7890625,"low":72594.53125,"close":72701.921875,"volume":0.0},{"timestamp":"2026-04-11T14:00:00+00:00","open":72693.8984375,"high":72771.796875,"low":72638.1796875,"close":72745.453125,"volume":0.0},{"timestamp":"2026-04-11T15:00:00+00:00","open":72745.6171875,"high":72883.3125,"low":72712.1953125,"close":72880.890625,"volume":0.0},{"timestamp":"2026-04-11T16:00:00+00:00","open":72886.515625,"high":73199.65625,"low":72850.484375,"close":73102.703125,"volume":0.0},{"timestamp":"2026-04-11T17:00:00+00:00","open":73080.1640625,"high":73178.5859375,"low":72978.109375,"close":73097.2109375,"volume":0.0},{"timestamp":"2026-04-11T18:00:00+00:00","open":73106.21875,"high":73700.171875,"low":73073.71875,"close":73544.5703125,"volume":224630784.0},{"timestamp":"2026-04-11T19:00:00+00:00","open":73555.78125,"high":73724.78125,"low":73514.65625,"close":73683.421875,"volume":0.0},{"timestamp":"2026-04-11T20:00:00+00:00","open":73687.1015625,"high":73687.1015625,"low":73284.3515625,"close":73331.3046875,"volume":0.0},{"timestamp":"2026-04-11T21:00:00+00:00","open":73324.375,"high":73539.8203125,"low":73272.140625,"close":73476.75,"volume":0.0},{"timestamp":"2026-04-11T22:00:00+00:00","open":73449.1328125,"high":73550.828125,"low":73270.546875,"close":73388.0546875,"volume":0.0},{"timestamp":"2026-04-11T23:00:00+00:00","open":73390.8125,"high":73390.8125,"low":72963.15625,"close":73056.046875,"volume":352256.0},{"timestamp":"2026-04-12T00:00:00+00:00","open":73057.15625,"high":73124.0859375,"low":72932.578125,"close":73068.3828125,"volume":0.0},{"timestamp":"2026-04-12T01:00:00+00:00","open":73083.3515625,"high":73141.5,"low":71527.5625,"close":71666.203125,"volume":2032969728.0},{"timestamp":"2026-04-12T02:00:00+00:00","open":71662.8671875,"high":71961.015625,"low":71464.046875,"close":71810.359375,"volume":920907776.0},{"timestamp":"2026-04-12T03:00:00+00:00","open":71790.203125,"high":71860.9296875,"low":71626.78125,"close":71660.0546875,"volume":144060416.0},{"timestamp":"2026-04-12T04:00:00+00:00","open":71621.7890625,"high":71678.65625,"low":71481.25,"close":71490.046875,"volume":257187840.0},{"timestamp":"2026-04-12T05:00:00+00:00","open":71487.3984375,"high":71785.1328125,"low":71487.3984375,"close":71740.96875,"volume":396326912.0},{"timestamp":"2026-04-12T06:00:00+00:00","open":71735.875,"high":71762.03125,"low":71663.28125,"close":71675.6640625,"volume":18329600.0},{"timestamp":"2026-04-12T07:00:00+00:00","open":71673.453125,"high":71765.0234375,"low":71612.8359375,"close":71747.28125,"volume":0.0},{"timestamp":"2026-04-12T08:00:00+00:00","open":71712.4296875,"high":71789.8125,"low":71625.328125,"close":71639.640625,"volume":692613120.0},{"timestamp":"2026-04-12T09:00:00+00:00","open":71650.3359375,"high":71654.359375,"low":71543.8046875,"close":71561.8203125,"volume":94949376.0},{"timestamp":"2026-04-12T10:00:00+00:00","open":71563.4296875,"high":71676.1875,"low":71405.109375,"close":71458.2734375,"volume":101920768.0},{"timestamp":"2026-04-12T11:00:00+00:00","open":71465.1640625,"high":71545.5546875,"low":71448.3203125,"close":71494.46875,"volume":383551488.0},{"timestamp":"2026-04-12T12:00:00+00:00","open":71493.9921875,"high":71515.1484375,"low":71129.40625,"close":71158.734375,"volume":516511744.0},{"timestamp":"2026-04-12T13:00:00+00:00","open":71004.1640625,"high":71102.6796875,"low":70895.84375,"close":70895.84375,"volume":687714304.0},{"timestamp":"2026-04-12T14:00:00+00:00","open":70906.40625,"high":71084.5546875,"low":70739.6015625,"close":70807.34375,"volume":594534400.0},{"timestamp":"2026-04-12T15:00:00+00:00","open":70768.640625,"high":70944.4453125,"low":70721.7890625,"close":70906.8203125,"volume":588967936.0},{"timestamp":"2026-04-12T16:00:00+00:00","open":70886.1015625,"high":70959.578125,"low":70856.4140625,"close":70902.7578125,"volume":0.0},{"timestamp":"2026-04-12T17:00:00+00:00","open":70958.9921875,"high":71198.3984375,"low":70934.234375,"close":71143.1328125,"volume":97961984.0},{"timestamp":"2026-04-12T18:00:00+00:00","open":71125.421875,"high":71221.2109375,"low":71091.5625,"close":71161.0703125,"volume":0.0},{"timestamp":"2026-04-12T19:00:00+00:00","open":71158.640625,"high":71234.3046875,"low":71081.5859375,"close":71114.7265625,"volume":0.0},{"timestamp":"2026-04-12T20:00:00+00:00","open":71110.75,"high":71431.6953125,"low":70971.484375,"close":71359.3984375,"volume":137883648.0},{"timestamp":"2026-04-12T21:00:00+00:00","open":71349.5390625,"high":71452.2265625,"low":71228.7109375,"close":71284.375,"volume":0.0},{"timestamp":"2026-04-12T22:00:00+00:00","open":71345.109375,"high":71345.109375,"low":70593.453125,"close":70901.7890625,"volume":1398806528.0},{"timestamp":"2026-04-12T23:00:00+00:00","open":70917.5625,"high":70917.5625,"low":70581.140625,"close":70757.6171875,"volume":224360448.0},{"timestamp":"2026-04-13T00:00:00+00:00","open":70741.296875,"high":71229.5703125,"low":70629.453125,"close":71159.4609375,"volume":292968448.0},{"timestamp":"2026-04-13T01:00:00+00:00","open":71174.0625,"high":71224.4453125,"low":71064.9140625,"close":71221.5,"volume":0.0},{"timestamp":"2026-04-13T02:00:00+00:00","open":71199.1796875,"high":71264.46875,"low":71013.8515625,"close":71080.9375,"volume":0.0},{"timestamp":"2026-04-13T03:00:00+00:00","open":71063.625,"high":71126.6328125,"low":70951.0078125,"close":70989.6875,"volume":0.0},{"timestamp":"2026-04-13T04:00:00+00:00","open":70981.3125,"high":71120.4453125,"low":70866.296875,"close":70932.84375,"volume":450109440.0},{"timestamp":"2026-04-13T05:00:00+00:00","open":70904.03125,"high":70916.1796875,"low":70713.4921875,"close":70857.4375,"volume":975269888.0},{"timestamp":"2026-04-13T06:00:00+00:00","open":70870.625,"high":71077.578125,"low":70870.625,"close":71064.859375,"volume":1428049920.0},{"timestamp":"2026-04-13T07:00:00+00:00","open":71043.46875,"high":71043.46875,"low":70699.671875,"close":70831.3125,"volume":1218619392.0},{"timestamp":"2026-04-13T08:00:00+00:00","open":70810.34375,"high":70846.5078125,"low":70588.5234375,"close":70667.7890625,"volume":1922785280.0},{"timestamp":"2026-04-13T09:00:00+00:00","open":70667.7890625,"high":70881.15625,"low":70667.7890625,"close":70789.25,"volume":0.0},{"timestamp":"2026-04-13T10:00:00+00:00","open":70791.625,"high":70835.046875,"low":70727.5,"close":70745.5390625,"volume":0.0},{"timestamp":"2026-04-13T11:00:00+00:00","open":70738.1796875,"high":70960.5546875,"low":70738.1796875,"close":70947.2109375,"volume":256931840.0},{"timestamp":"2026-04-13T12:00:00+00:00","open":70883.4453125,"high":71195.453125,"low":70788.5,"close":71102.421875,"volume":43233280.0},{"timestamp":"2026-04-13T13:00:00+00:00","open":71127.4453125,"high":71608.9296875,"low":70859.5234375,"close":71608.9296875,"volume":1137176576.0},{"timestamp":"2026-04-13T14:00:00+00:00","open":71657.2890625,"high":72420.1171875,"low":71485.4453125,"close":72420.1171875,"volume":2789216256.0},{"timestamp":"2026-04-13T15:00:00+00:00","open":72408.421875,"high":72408.421875,"low":71691.8515625,"close":71838.046875,"volume":2246270976.0},{"timestamp":"2026-04-13T16:00:00+00:00","open":71909.3828125,"high":72436.6171875,"low":71821.390625,"close":72204.7265625,"volume":2313646080.0},{"timestamp":"2026-04-13T17:00:00+00:00","open":72187.40625,"high":72560.015625,"low":72151.6171875,"close":72153.3984375,"volume":2198884352.0},{"timestamp":"2026-04-13T18:00:00+00:00","open":72168.9765625,"high":72457.6875,"low":72101.75,"close":72457.6875,"volume":1392091136.0},{"timestamp":"2026-04-13T19:00:00+00:00","open":72454.0078125,"high":73472.53125,"low":72327.703125,"close":73373.984375,"volume":3468292096.0},{"timestamp":"2026-04-13T20:00:00+00:00","open":73379.046875,"high":73379.046875,"low":73046.53125,"close":73204.078125,"volume":1933516800.0},{"timestamp":"2026-04-13T21:00:00+00:00","open":73182.1171875,"high":73338.9609375,"low":73137.4140625,"close":73229.1640625,"volume":616419328.0},{"timestamp":"2026-04-13T22:00:00+00:00","open":73208.84375,"high":74699.296875,"low":73208.84375,"close":74640.609375,"volume":2595000320.0},{"timestamp":"2026-04-13T23:00:00+00:00","open":74546.9921875,"high":74856.671875,"low":74485.984375,"close":74532.7421875,"volume":2946129920.0},{"timestamp":"2026-04-14T00:00:00+00:00","open":74442.2265625,"high":74504.140625,"low":74162.0234375,"close":74162.0234375,"volume":108036096.0},{"timestamp":"2026-04-14T01:00:00+00:00","open":74145.921875,"high":74427.2734375,"low":74074.78125,"close":74378.9921875,"volume":2039922688.0},{"timestamp":"2026-04-14T02:00:00+00:00","open":74404.7109375,"high":74566.109375,"low":74317.484375,"close":74374.3671875,"volume":0.0},{"timestamp":"2026-04-14T03:00:00+00:00","open":74365.78125,"high":74499.0078125,"low":74291.6796875,"close":74454.3828125,"volume":392503296.0},{"timestamp":"2026-04-14T04:00:00+00:00","open":74450.8515625,"high":74512.1640625,"low":74391.2421875,"close":74397.703125,"volume":0.0},{"timestamp":"2026-04-14T05:00:00+00:00","open":74393.7578125,"high":74418.0859375,"low":74192.1875,"close":74209.84375,"volume":0.0},{"timestamp":"2026-04-14T06:00:00+00:00","open":74312.171875,"high":74565.7734375,"low":74299.1484375,"close":74565.7734375,"volume":238682112.0},{"timestamp":"2026-04-14T07:00:00+00:00","open":74551.2734375,"high":74930.4296875,"low":74511.1953125,"close":74547.5546875,"volume":1304555520.0},{"timestamp":"2026-04-14T08:00:00+00:00","open":74547.046875,"high":74901.6875,"low":74510.515625,"close":74776.1640625,"volume":905838592.0},{"timestamp":"2026-04-14T09:00:00+00:00","open":74770.9375,"high":74845.84375,"low":74469.1640625,"close":74538.09375,"volume":705634304.0},{"timestamp":"2026-04-14T10:00:00+00:00","open":74506.390625,"high":74638.0703125,"low":74363.4921875,"close":74423.4453125,"volume":603942912.0},{"timestamp":"2026-04-14T11:00:00+00:00","open":74395.28125,"high":74465.9609375,"low":74333.2734375,"close":74456.0,"volume":460406784.0},{"timestamp":"2026-04-14T12:00:00+00:00","open":74398.828125,"high":74457.5859375,"low":74297.015625,"close":74457.5859375,"volume":120107008.0},{"timestamp":"2026-04-14T13:00:00+00:00","open":74455.375,"high":75495.4765625,"low":74455.375,"close":75490.3984375,"volume":1937948672.0},{"timestamp":"2026-04-14T14:00:00+00:00","open":75532.8046875,"high":76009.03125,"low":75180.125,"close":75180.125,"volume":3226267648.0},{"timestamp":"2026-04-14T15:00:00+00:00","open":75090.1796875,"high":75423.8984375,"low":74743.2890625,"close":75367.1640625,"volume":628752384.0},{"timestamp":"2026-04-14T16:00:00+00:00","open":75390.9609375,"high":75666.0390625,"low":74566.21875,"close":74566.21875,"volume":0.0},{"timestamp":"2026-04-14T17:00:00+00:00","open":74653.4140625,"high":74947.6328125,"low":74332.015625,"close":74766.5,"volume":0.0},{"timestamp":"2026-04-14T18:00:00+00:00","open":74806.2109375,"high":74809.5546875,"low":73946.8515625,"close":74097.0625,"volume":653688832.0},{"timestamp":"2026-04-14T19:00:00+00:00","open":74132.796875,"high":74403.9296875,"low":73960.7578125,"close":74265.8984375,"volume":0.0},{"timestamp":"2026-04-14T20:00:00+00:00","open":74329.203125,"high":74423.1484375,"low":74052.28125,"close":74052.28125,"volume":0.0},{"timestamp":"2026-04-14T21:00:00+00:00","open":74157.2109375,"high":74343.96875,"low":73982.46875,"close":74315.2890625,"volume":0.0},{"timestamp":"2026-04-14T22:00:00+00:00","open":74272.21875,"high":74413.2109375,"low":73905.1796875,"close":74067.359375,"volume":0.0},{"timestamp":"2026-04-14T23:00:00+00:00","open":74067.3203125,"high":74269.2578125,"low":74046.1796875,"close":74186.5390625,"volume":73728.0},{"timestamp":"2026-04-15T00:00:00+00:00","open":74176.09375,"high":74721.828125,"low":74153.2734375,"close":74601.5,"volume":1786605568.0},{"timestamp":"2026-04-15T01:00:00+00:00","open":74585.2734375,"high":74828.609375,"low":74531.28125,"close":74649.0,"volume":0.0},{"timestamp":"2026-04-15T02:00:00+00:00","open":74645.4609375,"high":74725.859375,"low":74218.1484375,"close":74359.84375,"volume":0.0},{"timestamp":"2026-04-15T03:00:00+00:00","open":74364.78125,"high":74405.9921875,"low":74214.53125,"close":74376.75,"volume":0.0},{"timestamp":"2026-04-15T04:00:00+00:00","open":74377.8515625,"high":74471.1796875,"low":74294.0078125,"close":74354.171875,"volume":0.0},{"timestamp":"2026-04-15T05:00:00+00:00","open":74369.9765625,"high":74463.9921875,"low":73912.578125,"close":74054.953125,"volume":0.0},{"timestamp":"2026-04-15T06:00:00+00:00","open":74036.921875,"high":74081.578125,"low":73902.921875,"close":73924.0,"volume":0.0},{"timestamp":"2026-04-15T07:00:00+00:00","open":73946.921875,"high":74048.46875,"low":73545.0,"close":73771.34375,"volume":68005888.0},{"timestamp":"2026-04-15T08:00:00+00:00","open":73776.828125,"high":74219.0078125,"low":73706.0,"close":74139.28125,"volume":0.0},{"timestamp":"2026-04-15T09:00:00+00:00","open":74139.9921875,"high":74213.4296875,"low":73930.25,"close":74033.4609375,"volume":0.0},{"timestamp":"2026-04-15T10:00:00+00:00","open":74019.359375,"high":74261.8828125,"low":73822.03125,"close":73890.8984375,"volume":151773184.0},{"timestamp":"2026-04-15T11:00:00+00:00","open":73906.546875,"high":74276.2421875,"low":73895.2890625,"close":74233.3203125,"volume":0.0},{"timestamp":"2026-04-15T12:00:00+00:00","open":74236.328125,"high":74475.671875,"low":74076.0078125,"close":74310.0625,"volume":292081664.0},{"timestamp":"2026-04-15T13:00:00+00:00","open":74302.453125,"high":74457.078125,"low":73836.0625,"close":74075.859375,"volume":0.0},{"timestamp":"2026-04-15T14:00:00+00:00","open":74082.0234375,"high":74531.6484375,"low":73855.53125,"close":74149.65625,"volume":0.0},{"timestamp":"2026-04-15T15:00:00+00:00","open":74164.8125,"high":74311.3828125,"low":73629.4375,"close":73872.0078125,"volume":0.0},{"timestamp":"2026-04-15T16:00:00+00:00","open":73850.0390625,"high":74192.28125,"low":73783.4921875,"close":73956.7265625,"volume":0.0},{"timestamp":"2026-04-15T17:00:00+00:00","open":73960.140625,"high":74253.6015625,"low":73929.9921875,"close":74154.9921875,"volume":0.0},{"timestamp":"2026-04-15T18:00:00+00:00","open":74139.421875,"high":74430.1328125,"low":74086.2265625,"close":74410.0,"volume":0.0},{"timestamp":"2026-04-15T19:00:00+00:00","open":74420.0078125,"high":75310.1015625,"low":74390.0,"close":75026.3203125,"volume":160878592.0},{"timestamp":"2026-04-15T20:00:00+00:00","open":75057.6796875,"high":75069.921875,"low":74541.0625,"close":74872.1484375,"volume":200192000.0},{"timestamp":"2026-04-15T21:00:00+00:00","open":74860.0390625,"high":74888.8828125,"low":74572.078125,"close":74765.3828125,"volume":0.0},{"timestamp":"2026-04-15T22:00:00+00:00","open":74784.7109375,"high":75400.0,"low":74763.890625,"close":74984.3828125,"volume":0.0},{"timestamp":"2026-04-15T23:00:00+00:00","open":74958.421875,"high":74969.703125,"low":74639.0,"close":74825.8671875,"volume":0.0},{"timestamp":"2026-04-16T00:00:00+00:00","open":74845.609375,"high":74899.15625,"low":74478.8203125,"close":74834.34375,"volume":0.0},{"timestamp":"2026-04-16T01:00:00+00:00","open":74810.0,"high":74810.0,"low":74494.21875,"close":74681.46875,"volume":0.0},{"timestamp":"2026-04-16T02:00:00+00:00","open":74681.4609375,"high":75284.0078125,"low":74614.59375,"close":74896.546875,"volume":0.0},{"timestamp":"2026-04-16T03:00:00+00:00","open":74890.9296875,"high":75155.8203125,"low":74880.1484375,"close":74904.2109375,"volume":2016497664.0},{"timestamp":"2026-04-16T04:00:00+00:00","open":74901.15625,"high":75185.8671875,"low":74751.0625,"close":74964.6484375,"volume":0.0},{"timestamp":"2026-04-16T05:00:00+00:00","open":74950.0,"high":75158.640625,"low":74915.09375,"close":75058.0078125,"volume":219258880.0},{"timestamp":"2026-04-16T06:00:00+00:00","open":75097.6875,"high":75130.4375,"low":74871.671875,"close":75051.109375,"volume":96534528.0},{"timestamp":"2026-04-16T07:00:00+00:00","open":75031.7421875,"high":75100.0,"low":74662.34375,"close":74721.5390625,"volume":0.0},{"timestamp":"2026-04-16T08:00:00+00:00","open":74721.546875,"high":74765.15625,"low":74535.4296875,"close":74697.7109375,"volume":804335616.0},{"timestamp":"2026-04-16T09:00:00+00:00","open":74679.25,"high":74927.828125,"low":74611.796875,"close":74612.671875,"volume":0.0},{"timestamp":"2026-04-16T10:00:00+00:00","open":74611.8828125,"high":74670.84375,"low":74290.78125,"close":74323.9921875,"volume":0.0},{"timestamp":"2026-04-16T11:00:00+00:00","open":74327.9921875,"high":74601.65625,"low":74300.0078125,"close":74593.328125,"volume":396546048.0},{"timestamp":"2026-04-16T12:00:00+00:00","open":74593.328125,"high":74876.34375,"low":74592.90625,"close":74632.8671875,"volume":0.0},{"timestamp":"2026-04-16T13:00:00+00:00","open":74628.7890625,"high":75023.1796875,"low":73309.7265625,"close":73793.9765625,"volume":937250816.0},{"timestamp":"2026-04-16T14:00:00+00:00","open":73766.3203125,"high":74198.890625,"low":73424.0234375,"close":73973.203125,"volume":372477952.0},{"timestamp":"2026-04-16T15:00:00+00:00","open":73969.7421875,"high":74893.3125,"low":73943.65625,"close":74719.9921875,"volume":1685315584.0},{"timestamp":"2026-04-16T16:00:00+00:00","open":74746.0,"high":74956.0,"low":74088.59375,"close":74186.03125,"volume":538931200.0},{"timestamp":"2026-04-16T17:00:00+00:00","open":74167.8828125,"high":74459.3984375,"low":73917.140625,"close":74346.0,"volume":130420736.0},{"timestamp":"2026-04-16T18:00:00+00:00","open":74354.03125,"high":75092.3125,"low":74250.09375,"close":75054.4375,"volume":0.0},{"timestamp":"2026-04-16T19:00:00+00:00","open":75102.0,"high":75429.609375,"low":74762.671875,"close":75371.9765625,"volume":964886528.0},{"timestamp":"2026-04-16T20:00:00+00:00","open":75384.9375,"high":75533.6796875,"low":75020.96875,"close":75245.9921875,"volume":128495616.0},{"timestamp":"2026-04-16T21:00:00+00:00","open":75252.2109375,"high":75300.0,"low":74827.8125,"close":74956.6015625,"volume":121356288.0},{"timestamp":"2026-04-16T22:00:00+00:00","open":74966.2578125,"high":75139.453125,"low":74853.75,"close":74888.609375,"volume":0.0},{"timestamp":"2026-04-16T23:00:00+00:00","open":74866.40625,"high":75198.4609375,"low":74847.96875,"close":75163.09375,"volume":0.0},{"timestamp":"2026-04-17T00:00:00+00:00","open":75160.203125,"high":75179.8515625,"low":74905.90625,"close":74955.9921875,"volume":0.0},{"timestamp":"2026-04-17T01:00:00+00:00","open":74960.6171875,"high":75061.3515625,"low":74594.4765625,"close":74763.890625,"volume":51539968.0},{"timestamp":"2026-04-17T02:00:00+00:00","open":74759.859375,"high":74830.8984375,"low":74562.671875,"close":74730.1328125,"volume":0.0},{"timestamp":"2026-04-17T03:00:00+00:00","open":74724.9921875,"high":74860.109375,"low":74629.7578125,"close":74633.1484375,"volume":0.0},{"timestamp":"2026-04-17T04:00:00+00:00","open":74633.15625,"high":74867.9375,"low":74611.78125,"close":74810.0078125,"volume":0.0},{"timestamp":"2026-04-17T05:00:00+00:00","open":74810.0,"high":74823.109375,"low":74575.0,"close":74656.5625,"volume":0.0},{"timestamp":"2026-04-17T06:00:00+00:00","open":74645.0234375,"high":74960.90625,"low":74614.46875,"close":74921.2421875,"volume":0.0},{"timestamp":"2026-04-17T07:00:00+00:00","open":74960.9609375,"high":75118.859375,"low":74954.7421875,"close":75069.6875,"volume":61296640.0},{"timestamp":"2026-04-17T08:00:00+00:00","open":75095.40625,"high":75888.75,"low":75015.359375,"close":75789.9921875,"volume":619696128.0},{"timestamp":"2026-04-17T09:00:00+00:00","open":75821.9765625,"high":76370.0,"low":75551.25,"close":75811.4765625,"volume":2566205440.0},{"timestamp":"2026-04-17T10:00:00+00:00","open":75811.453125,"high":75907.140625,"low":75124.2265625,"close":75301.109375,"volume":1024786432.0},{"timestamp":"2026-04-17T11:00:00+00:00","open":75292.5078125,"high":75633.75,"low":75273.75,"close":75622.578125,"volume":0.0},{"timestamp":"2026-04-17T12:00:00+00:00","open":75661.6484375,"high":76298.359375,"low":75558.0,"close":76294.609375,"volume":779100160.0},{"timestamp":"2026-04-17T13:00:00+00:00","open":76260.0,"high":77453.2265625,"low":76100.0078125,"close":77388.0,"volume":5033406464.0},{"timestamp":"2026-04-17T14:00:00+00:00","open":77434.4609375,"high":78142.9765625,"low":77065.90625,"close":77977.75,"volume":3173928960.0},{"timestamp":"2026-04-17T15:00:00+00:00","open":77977.5078125,"high":78060.0234375,"low":77497.6015625,"close":77843.2734375,"volume":1281085440.0},{"timestamp":"2026-04-17T16:00:00+00:00","open":77836.21875,"high":78340.0390625,"low":77785.25,"close":77907.2734375,"volume":778620928.0},{"timestamp":"2026-04-17T17:00:00+00:00","open":77898.7578125,"high":77955.0078125,"low":77152.5,"close":77563.5078125,"volume":973885440.0},{"timestamp":"2026-04-17T18:00:00+00:00","open":77576.25,"high":77602.4765625,"low":77122.5,"close":77206.0,"volume":126701568.0},{"timestamp":"2026-04-17T19:00:00+00:00","open":77210.1328125,"high":77524.0625,"low":77063.2578125,"close":77517.8671875,"volume":0.0},{"timestamp":"2026-04-17T20:00:00+00:00","open":77463.8828125,"high":77648.453125,"low":77188.65625,"close":77366.96875,"volume":0.0},{"timestamp":"2026-04-17T21:00:00+00:00","open":77373.2734375,"high":77531.2421875,"low":77310.0,"close":77475.0,"volume":0.0},{"timestamp":"2026-04-17T22:00:00+00:00","open":77473.1328125,"high":77551.5234375,"low":77297.9765625,"close":77339.9375,"volume":221704192.0},{"timestamp":"2026-04-17T23:00:00+00:00","open":77328.0078125,"high":77336.2421875,"low":76941.9921875,"close":77098.0078125,"volume":344924160.0},{"timestamp":"2026-04-18T00:00:00+00:00","open":77073.75,"high":77287.4609375,"low":77010.0,"close":77196.0,"volume":0.0},{"timestamp":"2026-04-18T01:00:00+00:00","open":77216.2421875,"high":77364.7421875,"low":77148.7734375,"close":77251.96875,"volume":0.0},{"timestamp":"2026-04-18T02:00:00+00:00","open":77251.96875,"high":77447.4296875,"low":77154.2890625,"close":77323.5078125,"volume":0.0},{"timestamp":"2026-04-18T03:00:00+00:00","open":77321.2421875,"high":77328.75,"low":77001.3125,"close":77040.0,"volume":0.0},{"timestamp":"2026-04-18T04:00:00+00:00","open":77025.9921875,"high":77197.5,"low":76926.9296875,"close":77148.75,"volume":402907136.0},{"timestamp":"2026-04-18T05:00:00+00:00","open":77144.0234375,"high":77295.0078125,"low":77144.0078125,"close":77168.2890625,"volume":52015104.0},{"timestamp":"2026-04-18T06:00:00+00:00","open":77168.296875,"high":77253.75,"low":77091.0,"close":77160.0078125,"volume":0.0},{"timestamp":"2026-04-18T07:00:00+00:00","open":77136.328125,"high":77162.0234375,"low":76923.078125,"close":77020.0078125,"volume":0.0},{"timestamp":"2026-04-18T08:00:00+00:00","open":77020.0234375,"high":77070.390625,"low":76534.0234375,"close":76760.0234375,"volume":0.0},{"timestamp":"2026-04-18T09:00:00+00:00","open":76732.5,"high":76743.7421875,"low":76450.15625,"close":76631.2578125,"volume":0.0},{"timestamp":"2026-04-18T10:00:00+00:00","open":76631.2578125,"high":76631.2578125,"low":76170.71875,"close":76222.4921875,"volume":0.0},{"timestamp":"2026-04-18T11:00:00+00:00","open":76222.5,"high":76222.5,"low":75798.75,"close":76069.4609375,"volume":0.0},{"timestamp":"2026-04-18T12:00:00+00:00","open":76074.796875,"high":76323.7421875,"low":76070.9921875,"close":76239.7578125,"volume":0.0},{"timestamp":"2026-04-18T13:00:00+00:00","open":76230.828125,"high":76248.7421875,"low":75839.9921875,"close":76148.640625,"volume":0.0},{"timestamp":"2026-04-18T14:00:00+00:00","open":76150.0078125,"high":76314.09375,"low":76008.7578125,"close":76280.609375,"volume":0.0},{"timestamp":"2026-04-18T15:00:00+00:00","open":76282.1875,"high":76361.2578125,"low":76050.1328125,"close":76191.71875,"volume":0.0},{"timestamp":"2026-04-18T16:00:00+00:00","open":76173.09375,"high":76249.9765625,"low":75823.03125,"close":75968.1171875,"volume":0.0},{"timestamp":"2026-04-18T17:00:00+00:00","open":75955.4765625,"high":75982.5234375,"low":75818.1796875,"close":75852.1328125,"volume":0.0},{"timestamp":"2026-04-18T18:00:00+00:00","open":75842.0078125,"high":75886.8984375,"low":75482.96875,"close":75672.4375,"volume":0.0},{"timestamp":"2026-04-18T19:00:00+00:00","open":75653.71875,"high":75828.6875,"low":75607.84375,"close":75678.90625,"volume":0.0},{"timestamp":"2026-04-18T20:00:00+00:00","open":75688.59375,"high":75875.828125,"low":75633.6796875,"close":75784.9375,"volume":0.0},{"timestamp":"2026-04-18T21:00:00+00:00","open":75779.0390625,"high":75875.828125,"low":75632.671875,"close":75854.5703125,"volume":0.0},{"timestamp":"2026-04-18T22:00:00+00:00","open":75827.4921875,"high":75914.6796875,"low":75644.1171875,"close":75846.96875,"volume":0.0},{"timestamp":"2026-04-18T23:00:00+00:00","open":75861.0390625,"high":75921.9765625,"low":75730.578125,"close":75730.578125,"volume":0.0},{"timestamp":"2026-04-19T00:00:00+00:00","open":75736.0,"high":75884.0078125,"low":75590.171875,"close":75705.21875,"volume":0.0},{"timestamp":"2026-04-19T01:00:00+00:00","open":75708.0078125,"high":75820.0,"low":75500.0,"close":75652.1015625,"volume":129032192.0},{"timestamp":"2026-04-19T02:00:00+00:00","open":75643.671875,"high":75741.3515625,"low":75452.0,"close":75523.859375,"volume":53024768.0},{"timestamp":"2026-04-19T03:00:00+00:00","open":75523.859375,"high":75668.0,"low":75398.8671875,"close":75549.65625,"volume":71456768.0},{"timestamp":"2026-04-19T04:00:00+00:00","open":75546.4921875,"high":75798.40625,"low":75454.6171875,"close":75700.0078125,"volume":0.0},{"timestamp":"2026-04-19T05:00:00+00:00","open":75695.0625,"high":75723.8828125,"low":75549.6796875,"close":75580.0234375,"volume":0.0},{"timestamp":"2026-04-19T06:00:00+00:00","open":75580.0078125,"high":75580.0078125,"low":75325.0,"close":75429.75,"volume":337053696.0},{"timestamp":"2026-04-19T07:00:00+00:00","open":75426.9609375,"high":75434.921875,"low":74955.546875,"close":75291.1171875,"volume":855674880.0},{"timestamp":"2026-04-19T08:00:00+00:00","open":75265.0,"high":75336.5234375,"low":75113.953125,"close":75293.171875,"volume":0.0},{"timestamp":"2026-04-19T09:00:00+00:00","open":75292.5390625,"high":75301.4921875,"low":74963.3828125,"close":75055.421875,"volume":0.0},{"timestamp":"2026-04-19T10:00:00+00:00","open":75055.421875,"high":75272.5625,"low":74974.7734375,"close":75246.09375,"volume":0.0},{"timestamp":"2026-04-19T11:00:00+00:00","open":75246.09375,"high":75653.0625,"low":75242.0234375,"close":75637.5234375,"volume":0.0},{"timestamp":"2026-04-19T12:00:00+00:00","open":75652.3125,"high":75730.4921875,"low":75480.0,"close":75611.90625,"volume":0.0},{"timestamp":"2026-04-19T13:00:00+00:00","open":75588.4609375,"high":76257.0703125,"low":75588.3515625,"close":75963.1328125,"volume":582748160.0},{"timestamp":"2026-04-19T14:00:00+00:00","open":75963.1328125,"high":76180.578125,"low":75707.9765625,"close":76064.9609375,"volume":266915840.0},{"timestamp":"2026-04-19T15:00:00+00:00","open":76062.84375,"high":76187.9921875,"low":75450.4765625,"close":75885.6171875,"volume":1075015680.0},{"timestamp":"2026-04-19T16:00:00+00:00","open":75885.6171875,"high":75893.6328125,"low":75356.0078125,"close":75416.0078125,"volume":0.0},{"timestamp":"2026-04-19T17:00:00+00:00","open":75419.3515625,"high":75419.3515625,"low":74707.9921875,"close":74820.8515625,"volume":425570304.0},{"timestamp":"2026-04-19T18:00:00+00:00","open":74793.8828125,"high":74910.171875,"low":74641.4765625,"close":74806.7109375,"volume":642525184.0},{"timestamp":"2026-04-19T19:00:00+00:00","open":74813.2578125,"high":75110.421875,"low":74813.2578125,"close":74985.0390625,"volume":272711680.0},{"timestamp":"2026-04-19T20:00:00+00:00","open":74985.0390625,"high":74985.0390625,"low":74493.4765625,"close":74662.5625,"volume":0.0},{"timestamp":"2026-04-19T21:00:00+00:00","open":74662.5625,"high":74842.3203125,"low":74407.84375,"close":74461.203125,"volume":505593856.0},{"timestamp":"2026-04-19T22:00:00+00:00","open":74423.9921875,"high":74438.578125,"low":73802.578125,"close":74072.5390625,"volume":2095738880.0},{"timestamp":"2026-04-19T23:00:00+00:00","open":74076.8125,"high":74076.8125,"low":73815.203125,"close":73815.203125,"volume":628639744.0},{"timestamp":"2026-04-20T00:00:00+00:00","open":73830.0,"high":74382.15625,"low":73772.9609375,"close":74305.296875,"volume":972533760.0},{"timestamp":"2026-04-20T01:00:00+00:00","open":74314.6796875,"high":74772.3515625,"low":74239.796875,"close":74621.4296875,"volume":524847104.0},{"timestamp":"2026-04-20T02:00:00+00:00","open":74623.9921875,"high":74654.9375,"low":74337.390625,"close":74439.90625,"volume":387602432.0},{"timestamp":"2026-04-20T03:00:00+00:00","open":74448.2734375,"high":74672.9609375,"low":74390.1328125,"close":74665.6171875,"volume":237033472.0},{"timestamp":"2026-04-20T04:00:00+00:00","open":74666.078125,"high":74669.1875,"low":74469.0390625,"close":74593.59375,"volume":0.0},{"timestamp":"2026-04-20T05:00:00+00:00","open":74567.78125,"high":74586.0703125,"low":74136.9375,"close":74297.921875,"volume":346931200.0},{"timestamp":"2026-04-20T06:00:00+00:00","open":74315.828125,"high":74910.15625,"low":74283.5390625,"close":74820.1796875,"volume":234817536.0},{"timestamp":"2026-04-20T07:00:00+00:00","open":74873.421875,"high":75582.0078125,"low":74694.3671875,"close":74860.0234375,"volume":489672704.0},{"timestamp":"2026-04-20T08:00:00+00:00","open":74860.3828125,"high":75026.953125,"low":74650.28125,"close":74758.0078125,"volume":597123072.0},{"timestamp":"2026-04-20T09:00:00+00:00","open":74745.359375,"high":75269.5234375,"low":74726.109375,"close":75100.4375,"volume":463020032.0},{"timestamp":"2026-04-20T10:00:00+00:00","open":75130.3828125,"high":75436.03125,"low":75042.171875,"close":75068.6875,"volume":41537536.0},{"timestamp":"2026-04-20T11:00:00+00:00","open":75068.7265625,"high":75318.2578125,"low":75000.2890625,"close":75232.7265625,"volume":0.0},{"timestamp":"2026-04-20T12:00:00+00:00","open":75222.8984375,"high":75669.0078125,"low":75111.2578125,"close":75322.8671875,"volume":466120704.0},{"timestamp":"2026-04-20T13:00:00+00:00","open":75349.9296875,"high":75467.28125,"low":74945.171875,"close":75316.890625,"volume":71524352.0},{"timestamp":"2026-04-20T14:00:00+00:00","open":75300.0,"high":75765.2109375,"low":74961.1171875,"close":75071.84375,"volume":1182838784.0},{"timestamp":"2026-04-20T15:00:00+00:00","open":75090.75,"high":75758.078125,"low":74735.7421875,"close":75750.0,"volume":651075584.0},{"timestamp":"2026-04-20T16:00:00+00:00","open":75753.1484375,"high":75753.1484375,"low":75328.75,"close":75378.7890625,"volume":407003136.0},{"timestamp":"2026-04-20T17:00:00+00:00","open":75391.21875,"high":75998.1484375,"low":75322.359375,"close":75937.3125,"volume":0.0},{"timestamp":"2026-04-20T18:00:00+00:00","open":75954.421875,"high":76489.0625,"low":75953.3671875,"close":76455.671875,"volume":623157248.0},{"timestamp":"2026-04-20T19:00:00+00:00","open":76483.3671875,"high":76528.0078125,"low":76184.859375,"close":76330.9375,"volume":1873649664.0},{"timestamp":"2026-04-20T20:00:00+00:00","open":76311.109375,"high":76590.0,"low":76162.3125,"close":76317.28125,"volume":1115488256.0},{"timestamp":"2026-04-20T21:00:00+00:00","open":76330.0,"high":76405.7265625,"low":75816.0,"close":75988.0078125,"volume":287932416.0},{"timestamp":"2026-04-20T22:00:00+00:00","open":76054.0,"high":76180.578125,"low":75933.0234375,"close":76004.671875,"volume":0.0},{"timestamp":"2026-04-20T23:00:00+00:00","open":75912.7734375,"high":75937.7265625,"low":75655.9921875,"close":75875.0390625,"volume":0.0},{"timestamp":"2026-04-21T00:00:00+00:00","open":75876.890625,"high":76129.828125,"low":75724.8203125,"close":76128.1015625,"volume":0.0},{"timestamp":"2026-04-21T01:00:00+00:00","open":76086.0,"high":76270.1875,"low":75906.0234375,"close":75955.0625,"volume":0.0},{"timestamp":"2026-04-21T02:00:00+00:00","open":75955.0703125,"high":75958.9375,"low":75612.0,"close":75613.75,"volume":0.0},{"timestamp":"2026-04-21T03:00:00+00:00","open":75613.75,"high":75747.390625,"low":75520.0,"close":75740.578125,"volume":0.0},{"timestamp":"2026-04-21T04:00:00+00:00","open":75755.7734375,"high":75850.7109375,"low":75633.28125,"close":75840.578125,"volume":0.0},{"timestamp":"2026-04-21T05:00:00+00:00","open":75840.0078125,"high":76010.640625,"low":75815.0,"close":75835.7734375,"volume":0.0},{"timestamp":"2026-04-21T06:00:00+00:00","open":75835.7734375,"high":76146.0,"low":75731.171875,"close":76001.828125,"volume":0.0},{"timestamp":"2026-04-21T07:00:00+00:00","open":76007.7890625,"high":76323.5390625,"low":75851.7421875,"close":76118.09375,"volume":52444172288.0},{"timestamp":"2026-04-21T08:00:00+00:00","open":76125.6328125,"high":76879.34375,"low":76114.59375,"close":76545.65625,"volume":467214336.0},{"timestamp":"2026-04-21T09:00:00+00:00","open":76545.609375,"high":76596.4921875,"low":76192.3828125,"close":76388.3984375,"volume":0.0},{"timestamp":"2026-04-21T10:00:00+00:00","open":76382.4609375,"high":76905.171875,"low":76382.4609375,"close":76775.1171875,"volume":294772736.0},{"timestamp":"2026-04-21T11:00:00+00:00","open":76786.953125,"high":76789.328125,"low":76370.0078125,"close":76478.6171875,"volume":612114432.0},{"timestamp":"2026-04-21T12:00:00+00:00","open":76489.0,"high":76548.7734375,"low":75749.3515625,"close":76044.5625,"volume":274640896.0},{"timestamp":"2026-04-21T13:00:00+00:00","open":76051.25,"high":76198.609375,"low":75752.8203125,"close":75922.0,"volume":29853859840.0},{"timestamp":"2026-04-21T14:00:00+00:00","open":75936.9609375,"high":76595.0,"low":75658.9765625,"close":75687.4765625,"volume":0.0},{"timestamp":"2026-04-21T15:00:00+00:00","open":75694.4375,"high":75999.3203125,"low":75438.703125,"close":75849.703125,"volume":0.0},{"timestamp":"2026-04-21T16:00:00+00:00","open":75869.71875,"high":76191.2578125,"low":75772.890625,"close":75794.9921875,"volume":0.0},{"timestamp":"2026-04-21T17:00:00+00:00","open":75782.5234375,"high":75863.9921875,"low":75107.1796875,"close":75567.2578125,"volume":0.0},{"timestamp":"2026-04-21T18:00:00+00:00","open":75541.953125,"high":75664.9921875,"low":75319.203125,"close":75622.7890625,"volume":0.0},{"timestamp":"2026-04-21T19:00:00+00:00","open":75633.7578125,"high":75909.4921875,"low":74825.9921875,"close":75019.9921875,"volume":0.0},{"timestamp":"2026-04-21T20:00:00+00:00","open":75004.3671875,"high":75868.90625,"low":74989.5390625,"close":75743.71875,"volume":0.0},{"timestamp":"2026-04-21T21:00:00+00:00","open":75740.6796875,"high":75796.6796875,"low":75469.859375,"close":75565.0078125,"volume":0.0},{"timestamp":"2026-04-21T22:00:00+00:00","open":75566.6328125,"high":75662.140625,"low":75325.1484375,"close":75662.0078125,"volume":115748864.0},{"timestamp":"2026-04-21T23:00:00+00:00","open":75645.0,"high":76437.2578125,"low":75645.0,"close":76356.0,"volume":343629824.0},{"timestamp":"2026-04-22T00:00:00+00:00","open":76370.0,"high":76519.0703125,"low":76234.0078125,"close":76337.15625,"volume":11161600.0},{"timestamp":"2026-04-22T01:00:00+00:00","open":76370.578125,"high":76432.9375,"low":76148.109375,"close":76316.7890625,"volume":16044032.0},{"timestamp":"2026-04-22T02:00:00+00:00","open":76334.9296875,"high":77662.0703125,"low":76244.03125,"close":77626.0078125,"volume":1683529728.0},{"timestamp":"2026-04-22T03:00:00+00:00","open":77627.359375,"high":77746.8828125,"low":77430.0,"close":77541.546875,"volume":1451786240.0},{"timestamp":"2026-04-22T04:00:00+00:00","open":77547.9921875,"high":77715.9765625,"low":77384.0703125,"close":77536.0,"volume":753033216.0},{"timestamp":"2026-04-22T05:00:00+00:00","open":77552.03125,"high":78433.8984375,"low":77463.9921875,"close":77991.9296875,"volume":2779820032.0},{"timestamp":"2026-04-22T06:00:00+00:00","open":77983.296875,"high":78048.9296875,"low":77914.9765625,"close":78024.40625,"volume":737804288.0},{"timestamp":"2026-04-22T07:00:00+00:00","open":78028.9765625,"high":78128.0,"low":77844.2109375,"close":78007.6875,"volume":11460608.0},{"timestamp":"2026-04-22T08:00:00+00:00","open":78044.2890625,"high":78220.03125,"low":77960.0,"close":78029.6875,"volume":65699840.0},{"timestamp":"2026-04-22T09:00:00+00:00","open":77993.9765625,"high":78202.1484375,"low":77971.296875,"close":78035.796875,"volume":18178048.0},{"timestamp":"2026-04-22T10:00:00+00:00","open":78015.5625,"high":78193.2109375,"low":77967.6796875,"close":78186.5625,"volume":60895232.0},{"timestamp":"2026-04-22T11:00:00+00:00","open":78193.953125,"high":78385.53125,"low":78120.0078125,"close":78322.546875,"volume":0.0},{"timestamp":"2026-04-22T12:00:00+00:00","open":78329.0,"high":78514.7890625,"low":78146.8828125,"close":78262.8984375,"volume":142364672.0},{"timestamp":"2026-04-22T13:00:00+00:00","open":78252.359375,"high":78887.4375,"low":78204.1015625,"close":78887.4375,"volume":1212329984.0},{"timestamp":"2026-04-22T14:00:00+00:00","open":78897.609375,"high":79178.859375,"low":78625.9765625,"close":79077.25,"volume":1833050112.0},{"timestamp":"2026-04-22T15:00:00+00:00","open":79094.859375,"high":79450.0,"low":78882.671875,"close":79325.3828125,"volume":864710656.0},{"timestamp":"2026-04-22T16:00:00+00:00","open":79371.9296875,"high":79500.0078125,"low":78697.96875,"close":78777.3671875,"volume":912244736.0},{"timestamp":"2026-04-22T17:00:00+00:00","open":78782.4609375,"high":79078.359375,"low":78724.7265625,"close":78923.0,"volume":0.0},{"timestamp":"2026-04-22T18:00:00+00:00","open":78945.21875,"high":79198.8984375,"low":78857.0390625,"close":79062.4609375,"volume":0.0},{"timestamp":"2026-04-22T19:00:00+00:00","open":79000.5390625,"high":79106.3984375,"low":78740.90625,"close":78891.9765625,"volume":0.0},{"timestamp":"2026-04-22T20:00:00+00:00","open":78918.5234375,"high":78946.3828125,"low":78440.0,"close":78459.8203125,"volume":0.0},{"timestamp":"2026-04-22T21:00:00+00:00","open":78447.0234375,"high":78858.2421875,"low":78447.0234375,"close":78794.7578125,"volume":537243648.0},{"timestamp":"2026-04-22T22:00:00+00:00","open":78785.2421875,"high":78865.078125,"low":78487.28125,"close":78642.8984375,"volume":55644160.0},{"timestamp":"2026-04-22T23:00:00+00:00","open":78623.9765625,"high":78635.6015625,"low":78184.0078125,"close":78208.546875,"volume":77496320.0},{"timestamp":"2026-04-23T00:00:00+00:00","open":78208.5390625,"high":78605.0,"low":77628.0703125,"close":78449.546875,"volume":433913856.0},{"timestamp":"2026-04-23T01:00:00+00:00","open":78442.1484375,"high":78469.1484375,"low":78098.3828125,"close":78382.9921875,"volume":1216458752.0},{"timestamp":"2026-04-23T02:00:00+00:00","open":78387.390625,"high":78387.390625,"low":77789.59375,"close":77967.4609375,"volume":0.0},{"timestamp":"2026-04-23T03:00:00+00:00","open":77969.6015625,"high":78050.4375,"low":77536.0078125,"close":77778.0,"volume":122421248.0},{"timestamp":"2026-04-23T04:00:00+00:00","open":77748.6484375,"high":77963.8515625,"low":77698.703125,"close":77935.4609375,"volume":0.0},{"timestamp":"2026-04-23T05:00:00+00:00","open":77944.0,"high":78112.0,"low":77800.03125,"close":78027.90625,"volume":0.0},{"timestamp":"2026-04-23T06:00:00+00:00","open":78066.1875,"high":78370.4921875,"low":78066.1875,"close":78240.0078125,"volume":0.0},{"timestamp":"2026-04-23T07:00:00+00:00","open":78259.9921875,"high":78281.7734375,"low":78006.6171875,"close":78086.140625,"volume":0.0},{"timestamp":"2026-04-23T08:00:00+00:00","open":78086.140625,"high":78204.3125,"low":77748.0234375,"close":77877.34375,"volume":0.0},{"timestamp":"2026-04-23T09:00:00+00:00","open":77877.3515625,"high":77887.46875,"low":77467.7578125,"close":77675.1875,"volume":659345408.0},{"timestamp":"2026-04-23T10:00:00+00:00","open":77672.0078125,"high":77737.90625,"low":77216.890625,"close":77425.90625,"volume":1208832000.0},{"timestamp":"2026-04-23T11:00:00+00:00","open":77463.3515625,"high":77768.8671875,"low":77407.78125,"close":77722.2890625,"volume":0.0},{"timestamp":"2026-04-23T12:00:00+00:00","open":77722.328125,"high":77904.1015625,"low":77609.4765625,"close":77904.1015625,"volume":0.0},{"timestamp":"2026-04-23T13:00:00+00:00","open":77894.0078125,"high":77943.671875,"low":77422.5,"close":77558.5,"volume":0.0},{"timestamp":"2026-04-23T14:00:00+00:00","open":77514.6796875,"high":78238.5703125,"low":77446.3671875,"close":78216.578125,"volume":0.0}