{"updated_at":"2026-05-14T04:22:41.010105+00:00","pairs":[{"pair":"BTC","config":{"pair":"BTC","lower":74646.42109375,"upper":81646.97734375,"n_levels":12,"capital_usd":1000.0,"fee_rate":0.001},"levels":[74646.4211,75257.222,75873.0209,76493.8586,77119.7764,77750.8158,78387.0187,79028.4274,79675.0845,80327.033,80984.316,81646.9773],"fills":[{"timestamp":"2026-04-15T00:00:00+00:00","side":"buy","price":74646.42109375,"qty":0.0012178626862085762,"level_idx":0,"pnl_usd":0.0},{"timestamp":"2026-04-15T00:00:00+00:00","side":"buy","price":75257.22203898955,"qty":0.001207978296913383,"level_idx":1,"pnl_usd":0.0},{"timestamp":"2026-04-15T00:00:00+00:00","side":"buy","price":75873.02091700656,"qty":0.0011981741310726443,"level_idx":2,"pnl_usd":0.0},{"timestamp":"2026-04-15T00:00:00+00:00","side":"buy","price":76493.85862382823,"qty":0.0011884495375785928,"level_idx":3,"pnl_usd":0.0},{"timestamp":"2026-04-15T00:00:00+00:00","side":"buy","price":77119.77639011704,"qty":0.0011788038706079674,"level_idx":4,"pnl_usd":0.0},{"timestamp":"2026-04-15T00:00:00+00:00","side":"buy","price":77750.8157839091,"qty":0.0011692364895791226,"level_idx":5,"pnl_usd":0.0},{"timestamp":"2026-04-15T00:00:00+00:00","side":"buy","price":78387.01871337458,"qty":0.0011597467591094874,"level_idx":6,"pnl_usd":0.0},{"timestamp":"2026-04-15T00:00:00+00:00","side":"buy","price":79028.427429601,"qty":0.0011503340489733681,"level_idx":7,"pnl_usd":0.0},{"timestamp":"2026-04-15T00:00:00+00:00","side":"buy","price":79675.08452939913,"qty":0.0011409977340600945,"level_idx":8,"pnl_usd":0.0},{"timestamp":"2026-04-15T00:00:00+00:00","side":"buy","price":80327.03295813195,"qty":0.0011317371943325048,"level_idx":9,"pnl_usd":0.0},{"timestamp":"2026-04-15T00:00:00+00:00","side":"buy","price":80984.31601256659,"qty":0.00112255181478577,"level_idx":10,"pnl_usd":0.0},{"timestamp":"2026-04-15T19:00:00+00:00","side":"sell","price":75257.22203898955,"qty":0.0012178626862085762,"level_idx":1,"pnl_usd":0.6522187173191685},{"timestamp":"2026-04-15T20:00:00+00:00","side":"buy","price":74646.42109375,"qty":0.0012178626862085762,"level_idx":0,"pnl_usd":0.0},{"timestamp":"2026-04-15T22:00:00+00:00","side":"sell","price":75257.22203898955,"qty":0.0012178626862085762,"level_idx":1,"pnl_usd":0.6522187173191685},{"timestamp":"2026-04-15T23:00:00+00:00","side":"buy","price":74646.42109375,"qty":0.0012178626862085762,"level_idx":0,"pnl_usd":0.0},{"timestamp":"2026-04-16T02:00:00+00:00","side":"sell","price":75257.22203898955,"qty":0.0012178626862085762,"level_idx":1,"pnl_usd":0.6522187173191685},{"timestamp":"2026-04-16T08:00:00+00:00","side":"buy","price":74646.42109375,"qty":0.0012178626862085762,"level_idx":0,"pnl_usd":0.0},{"timestamp":"2026-04-16T19:00:00+00:00","side":"sell","price":75257.22203898955,"qty":0.0012178626862085762,"level_idx":1,"pnl_usd":0.6522187173191685},{"timestamp":"2026-04-17T01:00:00+00:00","side":"buy","price":74646.42109375,"qty":0.0012178626862085762,"level_idx":0,"pnl_usd":0.0},{"timestamp":"2026-04-17T08:00:00+00:00","side":"sell","price":75873.02091700656,"qty":0.001207978296913383,"level_idx":2,"pnl_usd":0.6522187173191685},{"timestamp":"2026-04-17T08:00:00+00:00","side":"sell","price":75257.22203898955,"qty":0.0012178626862085762,"level_idx":1,"pnl_usd":0.6522187173191685},{"timestamp":"2026-04-17T10:00:00+00:00","side":"buy","price":75257.22203898955,"qty":0.001207978296913383,"level_idx":1,"pnl_usd":0.0},{"timestamp":"2026-04-17T10:00:00+00:00","side":"sell","price":75873.02091700656,"qty":0.001207978296913383,"level_idx":2,"pnl_usd":0.6522187173191685},{"timestamp":"2026-04-17T13:00:00+00:00","side":"sell","price":77119.77639011704,"qty":0.0011884495375785928,"level_idx":4,"pnl_usd":0.6522187173191685},{"timestamp":"2026-04-17T13:00:00+00:00","side":"sell","price":76493.85862382823,"qty":0.0011981741310726443,"level_idx":3,"pnl_usd":0.6522187173191826},{"timestamp":"2026-04-17T14:00:00+00:00","side":"sell","price":77750.8157839091,"qty":0.0011788038706079674,"level_idx":5,"pnl_usd":0.6522187173191826},{"timestamp":"2026-04-17T19:00:00+00:00","side":"buy","price":77119.77639011704,"qty":0.0011788038706079674,"level_idx":4,"pnl_usd":0.0},{"timestamp":"2026-04-18T09:00:00+00:00","side":"buy","price":76493.85862382823,"qty":0.0011884495375785928,"level_idx":3,"pnl_usd":0.0},{"timestamp":"2026-04-18T11:00:00+00:00","side":"buy","price":75873.02091700656,"qty":0.0011981741310726443,"level_idx":2,"pnl_usd":0.0},{"timestamp":"2026-04-19T07:00:00+00:00","side":"buy","price":75257.22203898955,"qty":0.001207978296913383,"level_idx":1,"pnl_usd":0.0},{"timestamp":"2026-04-19T13:00:00+00:00","side":"sell","price":75873.02091700656,"qty":0.001207978296913383,"level_idx":2,"pnl_usd":0.6522187173191685},{"timestamp":"2026-04-19T17:00:00+00:00","side":"buy","price":75257.22203898955,"qty":0.001207978296913383,"level_idx":1,"pnl_usd":0.0},{"timestamp":"2026-04-19T18:00:00+00:00","side":"buy","price":74646.42109375,"qty":0.0012178626862085762,"level_idx":0,"pnl_usd":0.0},{"timestamp":"2026-04-20T07:00:00+00:00","side":"sell","price":75257.22203898955,"qty":0.0012178626862085762,"level_idx":1,"pnl_usd":0.6522187173191685},{"timestamp":"2026-04-20T17:00:00+00:00","side":"sell","price":75873.02091700656,"qty":0.001207978296913383,"level_idx":2,"pnl_usd":0.6522187173191685},{"timestamp":"2026-04-20T19:00:00+00:00","side":"sell","price":76493.85862382823,"qty":0.0011981741310726443,"level_idx":3,"pnl_usd":0.6522187173191826},{"timestamp":"2026-04-20T21:00:00+00:00","side":"buy","price":75873.02091700656,"qty":0.0011981741310726443,"level_idx":2,"pnl_usd":0.0},{"timestamp":"2026-04-21T08:00:00+00:00","side":"sell","price":76493.85862382823,"qty":0.0011981741310726443,"level_idx":3,"pnl_usd":0.6522187173191826},{"timestamp":"2026-04-21T12:00:00+00:00","side":"buy","price":75873.02091700656,"qty":0.0011981741310726443,"level_idx":2,"pnl_usd":0.0},{"timestamp":"2026-04-21T12:00:00+00:00","side":"sell","price":76493.85862382823,"qty":0.0011981741310726443,"level_idx":3,"pnl_usd":0.6522187173191826},{"timestamp":"2026-04-21T13:00:00+00:00","side":"buy","price":75873.02091700656,"qty":0.0011981741310726443,"level_idx":2,"pnl_usd":0.0},{"timestamp":"2026-04-21T14:00:00+00:00","side":"sell","price":76493.85862382823,"qty":0.0011981741310726443,"level_idx":3,"pnl_usd":0.6522187173191826},{"timestamp":"2026-04-21T15:00:00+00:00","side":"buy","price":75873.02091700656,"qty":0.0011981741310726443,"level_idx":2,"pnl_usd":0.0},{"timestamp":"2026-04-21T17:00:00+00:00","side":"buy","price":75257.22203898955,"qty":0.001207978296913383,"level_idx":1,"pnl_usd":0.0},{"timestamp":"2026-04-21T17:00:00+00:00","side":"sell","price":75873.02091700656,"qty":0.001207978296913383,"level_idx":2,"pnl_usd":0.6522187173191685},{"timestamp":"2026-04-21T19:00:00+00:00","side":"buy","price":75257.22203898955,"qty":0.001207978296913383,"level_idx":1,"pnl_usd":0.0},{"timestamp":"2026-04-21T19:00:00+00:00","side":"sell","price":75873.02091700656,"qty":0.001207978296913383,"level_idx":2,"pnl_usd":0.6522187173191685},{"timestamp":"2026-04-21T20:00:00+00:00","side":"buy","price":75257.22203898955,"qty":0.001207978296913383,"level_idx":1,"pnl_usd":0.0},{"timestamp":"2026-04-21T23:00:00+00:00","side":"sell","price":75873.02091700656,"qty":0.001207978296913383,"level_idx":2,"pnl_usd":0.6522187173191685},{"timestamp":"2026-04-22T00:00:00+00:00","side":"sell","price":76493.85862382823,"qty":0.0011981741310726443,"level_idx":3,"pnl_usd":0.6522187173191826},{"timestamp":"2026-04-22T02:00:00+00:00","side":"sell","price":77119.77639011704,"qty":0.0011884495375785928,"level_idx":4,"pnl_usd":0.6522187173191685},{"timestamp":"2026-04-22T05:00:00+00:00","side":"sell","price":78387.01871337458,"qty":0.0011692364895791226,"level_idx":6,"pnl_usd":0.6522187173191684},{"timestamp":"2026-04-22T05:00:00+00:00","side":"sell","price":77750.8157839091,"qty":0.0011788038706079674,"level_idx":5,"pnl_usd":0.6522187173191826},{"timestamp":"2026-04-22T14:00:00+00:00","side":"sell","price":79028.427429601,"qty":0.0011597467591094874,"level_idx":7,"pnl_usd":0.6522187173191685},{"timestamp":"2026-04-22T23:00:00+00:00","side":"buy","price":78387.01871337458,"qty":0.0011597467591094874,"level_idx":6,"pnl_usd":0.0},{"timestamp":"2026-04-23T00:00:00+00:00","side":"buy","price":77750.8157839091,"qty":0.0011692364895791226,"level_idx":5,"pnl_usd":0.0},{"timestamp":"2026-04-23T00:00:00+00:00","side":"sell","price":78387.01871337458,"qty":0.0011692364895791226,"level_idx":6,"pnl_usd":0.6522187173191684},{"timestamp":"2026-04-23T03:00:00+00:00","side":"buy","price":77750.8157839091,"qty":0.0011692364895791226,"level_idx":5,"pnl_usd":0.0},{"timestamp":"2026-04-23T15:00:00+00:00","side":"sell","price":78387.01871337458,"qty":0.0011692364895791226,"level_idx":6,"pnl_usd":0.6522187173191684},{"timestamp":"2026-04-23T17:00:00+00:00","side":"buy","price":77119.77639011704,"qty":0.0011788038706079674,"level_idx":4,"pnl_usd":0.0},{"timestamp":"2026-04-23T17:00:00+00:00","side":"buy","price":77750.8157839091,"qty":0.0011692364895791226,"level_idx":5,"pnl_usd":0.0},{"timestamp":"2026-04-23T17:00:00+00:00","side":"sell","price":77750.8157839091,"qty":0.0011788038706079674,"level_idx":5,"pnl_usd":0.6522187173191826},{"timestamp":"2026-04-24T00:00:00+00:00","side":"sell","price":78387.01871337458,"qty":0.0011692364895791226,"level_idx":6,"pnl_usd":0.6522187173191684},{"timestamp":"2026-04-24T03:00:00+00:00","side":"buy","price":77750.8157839091,"qty":0.0011692364895791226,"level_idx":5,"pnl_usd":0.0},{"timestamp":"2026-04-24T11:00:00+00:00","side":"sell","price":78387.01871337458,"qty":0.0011692364895791226,"level_idx":6,"pnl_usd":0.6522187173191684},{"timestamp":"2026-04-24T14:00:00+00:00","side":"buy","price":77750.8157839091,"qty":0.0011692364895791226,"level_idx":5,"pnl_usd":0.0},{"timestamp":"2026-04-26T19:00:00+00:00","side":"sell","price":78387.01871337458,"qty":0.0011692364895791226,"level_idx":6,"pnl_usd":0.6522187173191684},{"timestamp":"2026-04-27T00:00:00+00:00","side":"sell","price":79028.427429601,"qty":0.0011597467591094874,"level_idx":7,"pnl_usd":0.6522187173191685},{"timestamp":"2026-04-27T05:00:00+00:00","side":"buy","price":77750.8157839091,"qty":0.0011692364895791226,"level_idx":5,"pnl_usd":0.0},{"timestamp":"2026-04-27T05:00:00+00:00","side":"buy","price":78387.01871337458,"qty":0.0011597467591094874,"level_idx":6,"pnl_usd":0.0},{"timestamp":"2026-04-27T05:00:00+00:00","side":"sell","price":78387.01871337458,"qty":0.0011692364895791226,"level_idx":6,"pnl_usd":0.6522187173191684},{"timestamp":"2026-04-27T06:00:00+00:00","side":"buy","price":77750.8157839091,"qty":0.0011692364895791226,"level_idx":5,"pnl_usd":0.0},{"timestamp":"2026-04-27T15:00:00+00:00","side":"buy","price":77119.77639011704,"qty":0.0011788038706079674,"level_idx":4,"pnl_usd":0.0},{"timestamp":"2026-04-27T15:00:00+00:00","side":"sell","price":77750.8157839091,"qty":0.0011788038706079674,"level_idx":5,"pnl_usd":0.6522187173191826},{"timestamp":"2026-04-27T16:00:00+00:00","side":"buy","price":77119.77639011704,"qty":0.0011788038706079674,"level_idx":4,"pnl_usd":0.0},{"timestamp":"2026-04-27T19:00:00+00:00","side":"buy","price":76493.85862382823,"qty":0.0011884495375785928,"level_idx":3,"pnl_usd":0.0},{"timestamp":"2026-04-27T23:00:00+00:00","side":"sell","price":77119.77639011704,"qty":0.0011884495375785928,"level_idx":4,"pnl_usd":0.6522187173191685},{"timestamp":"2026-04-28T07:00:00+00:00","side":"buy","price":76493.85862382823,"qty":0.0011884495375785928,"level_idx":3,"pnl_usd":0.0},{"timestamp":"2026-04-28T14:00:00+00:00","side":"buy","price":75873.02091700656,"qty":0.0011981741310726443,"level_idx":2,"pnl_usd":0.0},{"timestamp":"2026-04-29T00:00:00+00:00","side":"sell","price":76493.85862382823,"qty":0.0011981741310726443,"level_idx":3,"pnl_usd":0.6522187173191826},{"timestamp":"2026-04-29T04:00:00+00:00","side":"sell","price":77119.77639011704,"qty":0.0011884495375785928,"level_idx":4,"pnl_usd":0.6522187173191685},{"timestamp":"2026-04-29T09:00:00+00:00","side":"sell","price":77750.8157839091,"qty":0.0011788038706079674,"level_idx":5,"pnl_usd":0.6522187173191826},{"timestamp":"2026-04-29T12:00:00+00:00","side":"buy","price":77119.77639011704,"qty":0.0011788038706079674,"level_idx":4,"pnl_usd":0.0},{"timestamp":"2026-04-29T13:00:00+00:00","side":"buy","price":76493.85862382823,"qty":0.0011884495375785928,"level_idx":3,"pnl_usd":0.0},{"timestamp":"2026-04-29T13:00:00+00:00","side":"sell","price":77119.77639011704,"qty":0.0011884495375785928,"level_idx":4,"pnl_usd":0.6522187173191685},{"timestamp":"2026-04-29T14:00:00+00:00","side":"buy","price":76493.85862382823,"qty":0.0011884495375785928,"level_idx":3,"pnl_usd":0.0},{"timestamp":"2026-04-29T15:00:00+00:00","side":"buy","price":75873.02091700656,"qty":0.0011981741310726443,"level_idx":2,"pnl_usd":0.0},{"timestamp":"2026-04-29T15:00:00+00:00","side":"sell","price":76493.85862382823,"qty":0.0011981741310726443,"level_idx":3,"pnl_usd":0.6522187173191826},{"timestamp":"2026-04-29T16:00:00+00:00","side":"buy","price":75873.02091700656,"qty":0.0011981741310726443,"level_idx":2,"pnl_usd":0.0},{"timestamp":"2026-04-29T18:00:00+00:00","side":"buy","price":75257.22203898955,"qty":0.001207978296913383,"level_idx":1,"pnl_usd":0.0},{"timestamp":"2026-04-29T18:00:00+00:00","side":"sell","price":75873.02091700656,"qty":0.001207978296913383,"level_idx":2,"pnl_usd":0.6522187173191685},{"timestamp":"2026-04-30T13:00:00+00:00","side":"sell","price":76493.85862382823,"qty":0.0011981741310726443,"level_idx":3,"pnl_usd":0.6522187173191826},{"timestamp":"2026-05-01T03:00:00+00:00","side":"sell","price":77119.77639011704,"qty":0.0011884495375785928,"level_idx":4,"pnl_usd":0.6522187173191685},{"timestamp":"2026-05-01T12:00:00+00:00","side":"sell","price":77750.8157839091,"qty":0.0011788038706079674,"level_idx":5,"pnl_usd":0.6522187173191826},{"timestamp":"2026-05-01T13:00:00+00:00","side":"sell","price":78387.01871337458,"qty":0.0011692364895791226,"level_idx":6,"pnl_usd":0.6522187173191684},{"timestamp":"2026-05-01T20:00:00+00:00","side":"buy","price":77750.8157839091,"qty":0.0011692364895791226,"level_idx":5,"pnl_usd":0.0},{"timestamp":"2026-05-01T20:00:00+00:00","side":"sell","price":78387.01871337458,"qty":0.0011692364895791226,"level_idx":6,"pnl_usd":0.6522187173191684},{"timestamp":"2026-05-02T21:00:00+00:00","side":"sell","price":79028.427429601,"qty":0.0011597467591094874,"level_idx":7,"pnl_usd":0.6522187173191685},{"timestamp":"2026-05-03T01:00:00+00:00","side":"buy","price":78387.01871337458,"qty":0.0011597467591094874,"level_idx":6,"pnl_usd":0.0},{"timestamp":"2026-05-03T20:00:00+00:00","side":"sell","price":79028.427429601,"qty":0.0011597467591094874,"level_idx":7,"pnl_usd":0.6522187173191685},{"timestamp":"2026-05-04T00:00:00+00:00","side":"buy","price":78387.01871337458,"qty":0.0011597467591094874,"level_idx":6,"pnl_usd":0.0},{"timestamp":"2026-05-04T01:00:00+00:00","side":"sell","price":79675.08452939913,"qty":0.0011503340489733681,"level_idx":8,"pnl_usd":0.6522187173191543},{"timestamp":"2026-05-04T01:00:00+00:00","side":"sell","price":79028.427429601,"qty":0.0011597467591094874,"level_idx":7,"pnl_usd":0.6522187173191685},{"timestamp":"2026-05-04T02:00:00+00:00","side":"sell","price":80327.03295813195,"qty":0.0011409977340600945,"level_idx":9,"pnl_usd":0.6522187173191826},{"timestamp":"2026-05-04T06:00:00+00:00","side":"buy","price":79675.08452939913,"qty":0.0011409977340600945,"level_idx":8,"pnl_usd":0.0},{"timestamp":"2026-05-04T10:00:00+00:00","side":"buy","price":78387.01871337458,"qty":0.0011597467591094874,"level_idx":6,"pnl_usd":0.0},{"timestamp":"2026-05-04T10:00:00+00:00","side":"buy","price":79028.427429601,"qty":0.0011503340489733681,"level_idx":7,"pnl_usd":0.0},{"timestamp":"2026-05-04T10:00:00+00:00","side":"sell","price":79675.08452939913,"qty":0.0011503340489733681,"level_idx":8,"pnl_usd":0.6522187173191543},{"timestamp":"2026-05-04T10:00:00+00:00","side":"sell","price":79028.427429601,"qty":0.0011597467591094874,"level_idx":7,"pnl_usd":0.6522187173191685},{"timestamp":"2026-05-04T11:00:00+00:00","side":"buy","price":79028.427429601,"qty":0.0011503340489733681,"level_idx":7,"pnl_usd":0.0},{"timestamp":"2026-05-04T14:00:00+00:00","side":"sell","price":80327.03295813195,"qty":0.0011409977340600945,"level_idx":9,"pnl_usd":0.6522187173191826},{"timestamp":"2026-05-04T14:00:00+00:00","side":"sell","price":79675.08452939913,"qty":0.0011503340489733681,"level_idx":8,"pnl_usd":0.6522187173191543},{"timestamp":"2026-05-04T15:00:00+00:00","side":"buy","price":79675.08452939913,"qty":0.0011409977340600945,"level_idx":8,"pnl_usd":0.0},{"timestamp":"2026-05-04T15:00:00+00:00","side":"sell","price":80327.03295813195,"qty":0.0011409977340600945,"level_idx":9,"pnl_usd":0.6522187173191826},{"timestamp":"2026-05-04T16:00:00+00:00","side":"buy","price":79675.08452939913,"qty":0.0011409977340600945,"level_idx":8,"pnl_usd":0.0},{"timestamp":"2026-05-04T16:00:00+00:00","side":"sell","price":80327.03295813195,"qty":0.0011409977340600945,"level_idx":9,"pnl_usd":0.6522187173191826},{"timestamp":"2026-05-05T03:00:00+00:00","side":"sell","price":80984.31601256659,"qty":0.0011317371943325048,"level_idx":10,"pnl_usd":0.6522187173191543},{"timestamp":"2026-05-06T03:00:00+00:00","side":"sell","price":81646.97734374991,"qty":0.00112255181478577,"level_idx":11,"pnl_usd":0.6522187173191968},{"timestamp":"2026-05-07T01:00:00+00:00","side":"buy","price":80984.31601256659,"qty":0.00112255181478577,"level_idx":10,"pnl_usd":0.0},{"timestamp":"2026-05-07T07:00:00+00:00","side":"sell","price":81646.97734374991,"qty":0.00112255181478577,"level_idx":11,"pnl_usd":0.6522187173191968},{"timestamp":"2026-05-07T09:00:00+00:00","side":"buy","price":80984.31601256659,"qty":0.00112255181478577,"level_idx":10,"pnl_usd":0.0},{"timestamp":"2026-05-07T13:00:00+00:00","side":"buy","price":80327.03295813195,"qty":0.0011317371943325048,"level_idx":9,"pnl_usd":0.0},{"timestamp":"2026-05-07T13:00:00+00:00","side":"sell","price":80984.31601256659,"qty":0.0011317371943325048,"level_idx":10,"pnl_usd":0.6522187173191543},{"timestamp":"2026-05-07T14:00:00+00:00","side":"buy","price":80327.03295813195,"qty":0.0011317371943325048,"level_idx":9,"pnl_usd":0.0},{"timestamp":"2026-05-07T17:00:00+00:00","side":"buy","price":79675.08452939913,"qty":0.0011409977340600945,"level_idx":8,"pnl_usd":0.0},{"timestamp":"2026-05-07T20:00:00+00:00","side":"sell","price":80327.03295813195,"qty":0.0011409977340600945,"level_idx":9,"pnl_usd":0.6522187173191826},{"timestamp":"2026-05-07T21:00:00+00:00","side":"buy","price":79675.08452939913,"qty":0.0011409977340600945,"level_idx":8,"pnl_usd":0.0},{"timestamp":"2026-05-08T12:00:00+00:00","side":"sell","price":80327.03295813195,"qty":0.0011409977340600945,"level_idx":9,"pnl_usd":0.6522187173191826},{"timestamp":"2026-05-08T13:00:00+00:00","side":"buy","price":79675.08452939913,"qty":0.0011409977340600945,"level_idx":8,"pnl_usd":0.0},{"timestamp":"2026-05-08T14:00:00+00:00","side":"sell","price":80327.03295813195,"qty":0.0011409977340600945,"level_idx":9,"pnl_usd":0.6522187173191826},{"timestamp":"2026-05-08T15:00:00+00:00","side":"buy","price":79675.08452939913,"qty":0.0011409977340600945,"level_idx":8,"pnl_usd":0.0},{"timestamp":"2026-05-08T22:00:00+00:00","side":"sell","price":80327.03295813195,"qty":0.0011409977340600945,"level_idx":9,"pnl_usd":0.6522187173191826},{"timestamp":"2026-05-09T18:00:00+00:00","side":"sell","price":80984.31601256659,"qty":0.0011317371943325048,"level_idx":10,"pnl_usd":0.6522187173191543},{"timestamp":"2026-05-10T20:00:00+00:00","side":"buy","price":80327.03295813195,"qty":0.0011317371943325048,"level_idx":9,"pnl_usd":0.0},{"timestamp":"2026-05-10T20:00:00+00:00","side":"sell","price":80984.31601256659,"qty":0.0011317371943325048,"level_idx":10,"pnl_usd":0.6522187173191543},{"timestamp":"2026-05-10T22:00:00+00:00","side":"sell","price":81646.97734374991,"qty":0.00112255181478577,"level_idx":11,"pnl_usd":0.6522187173191968},{"timestamp":"2026-05-11T03:00:00+00:00","side":"buy","price":80984.31601256659,"qty":0.00112255181478577,"level_idx":10,"pnl_usd":0.0},{"timestamp":"2026-05-11T16:00:00+00:00","side":"sell","price":81646.97734374991,"qty":0.00112255181478577,"level_idx":11,"pnl_usd":0.6522187173191968},{"timestamp":"2026-05-12T01:00:00+00:00","side":"buy","price":80984.31601256659,"qty":0.00112255181478577,"level_idx":10,"pnl_usd":0.0},{"timestamp":"2026-05-12T15:00:00+00:00","side":"buy","price":80327.03295813195,"qty":0.0011317371943325048,"level_idx":9,"pnl_usd":0.0},{"timestamp":"2026-05-13T01:00:00+00:00","side":"sell","price":80984.31601256659,"qty":0.0011317371943325048,"level_idx":10,"pnl_usd":0.6522187173191543},{"timestamp":"2026-05-13T12:00:00+00:00","side":"buy","price":80327.03295813195,"qty":0.0011317371943325048,"level_idx":9,"pnl_usd":0.0},{"timestamp":"2026-05-13T13:00:00+00:00","side":"buy","price":79675.08452939913,"qty":0.0011409977340600945,"level_idx":8,"pnl_usd":0.0},{"timestamp":"2026-05-13T15:00:00+00:00","side":"buy","price":79028.427429601,"qty":0.0011503340489733681,"level_idx":7,"pnl_usd":0.0},{"timestamp":"2026-05-13T15:00:00+00:00","side":"sell","price":79675.08452939913,"qty":0.0011503340489733681,"level_idx":8,"pnl_usd":0.6522187173191543},{"timestamp":"2026-05-13T16:00:00+00:00","side":"buy","price":79028.427429601,"qty":0.0011503340489733681,"level_idx":7,"pnl_usd":0.0},{"timestamp":"2026-05-13T18:00:00+00:00","side":"sell","price":79675.08452939913,"qty":0.0011503340489733681,"level_idx":8,"pnl_usd":0.6522187173191543},{"timestamp":"2026-05-14T03:00:00+00:00","side":"buy","price":79028.427429601,"qty":0.0011503340489733681,"level_idx":7,"pnl_usd":0.0}],"round_trips":72,"total_pnl_usd":43.68,"total_fees_usd":13.51,"realized_return_pct":0.047,"unrealized_pnl_usd":-3.28,"unrealized_holdings":0.004546,"avg_holding_price":79997.07,"final_price":79275.01,"max_drawdown_pct":-0.0509,"open_buy_levels":[0,1,2,3,4,5,6],"equity_curve":[{"timestamp":"2026-04-15T00:00:00+00:00","equity":959.77},{"timestamp":"2026-04-15T01:00:00+00:00","equity":960.42},{"timestamp":"2026-04-15T02:00:00+00:00","equity":956.71},{"timestamp":"2026-04-15T03:00:00+00:00","equity":956.92},{"timestamp":"2026-04-15T04:00:00+00:00","equity":956.63},{"timestamp":"2026-04-15T05:00:00+00:00","equity":952.78},{"timestamp":"2026-04-15T06:00:00+00:00","equity":951.33},{"timestamp":"2026-04-15T07:00:00+00:00","equity":949.13},{"timestamp":"2026-04-15T08:00:00+00:00","equity":953.88},{"timestamp":"2026-04-15T09:00:00+00:00","equity":952.57},{"timestamp":"2026-04-15T10:00:00+00:00","equity":950.67},{"timestamp":"2026-04-15T11:00:00+00:00","equity":955.07},{"timestamp":"2026-04-15T12:00:00+00:00","equity":955.97},{"timestamp":"2026-04-15T13:00:00+00:00","equity":952.99},{"timestamp":"2026-04-15T14:00:00+00:00","equity":954.17},{"timestamp":"2026-04-15T15:00:00+00:00","equity":950.38},{"timestamp":"2026-04-15T16:00:00+00:00","equity":951.52},{"timestamp":"2026-04-15T17:00:00+00:00","equity":954.07},{"timestamp":"2026-04-15T18:00:00+00:00","equity":957.41},{"timestamp":"2026-04-15T19:00:00+00:00","equity":965.93},{"timestamp":"2026-04-15T20:00:00+00:00","equity":963.95},{"timestamp":"2026-04-15T21:00:00+00:00","equity":962.57},{"timestamp":"2026-04-15T22:00:00+00:00","equity":965.63},{"timestamp":"2026-04-15T23:00:00+00:00","equity":964.14},{"timestamp":"2026-04-16T00:00:00+00:00","equity":963.93},{"timestamp":"2026-04-16T01:00:00+00:00","equity":962.15},{"timestamp":"2026-04-16T02:00:00+00:00","equity":965.33},{"timestamp":"2026-04-16T03:00:00+00:00","equity":965.35},{"timestamp":"2026-04-16T04:00:00+00:00","equity":966.05},{"timestamp":"2026-04-16T05:00:00+00:00","equity":967.14},{"timestamp":"2026-04-16T06:00:00+00:00","equity":967.03},{"timestamp":"2026-04-16T07:00:00+00:00","equity":963.22},{"timestamp":"2026-04-16T08:00:00+00:00","equity":963.01},{"timestamp":"2026-04-16T09:00:00+00:00","equity":961.91},{"timestamp":"2026-04-16T10:00:00+00:00","equity":958.2},{"timestamp":"2026-04-16T11:00:00+00:00","equity":961.66},{"timestamp":"2026-04-16T12:00:00+00:00","equity":962.24},{"timestamp":"2026-04-16T13:00:00+00:00","equity":951.36},{"timestamp":"2026-04-16T14:00:00+00:00","equity":953.69},{"timestamp":"2026-04-16T15:00:00+00:00","equity":963.29},{"timestamp":"2026-04-16T16:00:00+00:00","equity":956.42},{"timestamp":"2026-04-16T17:00:00+00:00","equity":958.48},{"timestamp":"2026-04-16T18:00:00+00:00","equity":967.6},{"timestamp":"2026-04-16T19:00:00+00:00","equity":971.45},{"timestamp":"2026-04-16T20:00:00+00:00","equity":969.98},{"timestamp":"2026-04-16T21:00:00+00:00","equity":966.62},{"timestamp":"2026-04-16T22:00:00+00:00","equity":965.82},{"timestamp":"2026-04-16T23:00:00+00:00","equity":969.02},{"timestamp":"2026-04-17T00:00:00+00:00","equity":966.61},{"timestamp":"2026-04-17T01:00:00+00:00","equity":964.51},{"timestamp":"2026-04-17T02:00:00+00:00","equity":964.06},{"timestamp":"2026-04-17T03:00:00+00:00","equity":962.83},{"timestamp":"2026-04-17T04:00:00+00:00","equity":965.1},{"timestamp":"2026-04-17T05:00:00+00:00","equity":963.13},{"timestamp":"2026-04-17T06:00:00+00:00","equity":967.09},{"timestamp":"2026-04-17T07:00:00+00:00","equity":968.66},{"timestamp":"2026-04-17T08:00:00+00:00","equity":976.96},{"timestamp":"2026-04-17T09:00:00+00:00","equity":977.21},{"timestamp":"2026-04-17T10:00:00+00:00","equity":972.55},{"timestamp":"2026-04-17T11:00:00+00:00","equity":975.89},{"timestamp":"2026-04-17T12:00:00+00:00","equity":982.92},{"timestamp":"2026-04-17T13:00:00+00:00","equity":992.73},{"timestamp":"2026-04-17T14:00:00+00:00","equity":997.14},{"timestamp":"2026-04-17T15:00:00+00:00","equity":996.18},{"timestamp":"2026-04-17T16:00:00+00:00","equity":996.65},{"timestamp":"2026-04-17T17:00:00+00:00","equity":994.32},{"timestamp":"2026-04-17T18:00:00+00:00","equity":991.79},{"timestamp":"2026-04-17T19:00:00+00:00","equity":994.42},{"timestamp":"2026-04-17T20:00:00+00:00","equity":993.33},{"timestamp":"2026-04-17T21:00:00+00:00","equity":994.1},{"timestamp":"2026-04-17T22:00:00+00:00","equity":993.01},{"timestamp":"2026-04-17T23:00:00+00:00","equity":991.06},{"timestamp":"2026-04-18T00:00:00+00:00","equity":991.85},{"timestamp":"2026-04-18T01:00:00+00:00","equity":992.29},{"timestamp":"2026-04-18T02:00:00+00:00","equity":992.86},{"timestamp":"2026-04-18T03:00:00+00:00","equity":990.55},{"timestamp":"2026-04-18T04:00:00+00:00","equity":991.47},{"timestamp":"2026-04-18T05:00:00+00:00","equity":991.63},{"timestamp":"2026-04-18T06:00:00+00:00","equity":991.56},{"timestamp":"2026-04-18T07:00:00+00:00","equity":990.43},{"timestamp":"2026-04-18T08:00:00+00:00","equity":988.34},{"timestamp":"2026-04-18T09:00:00+00:00","equity":987.46},{"timestamp":"2026-04-18T10:00:00+00:00","equity":983.69},{"timestamp":"2026-04-18T11:00:00+00:00","equity":982.51},{"timestamp":"2026-04-18T12:00:00+00:00","equity":984.29},{"timestamp":"2026-04-18T13:00:00+00:00","equity":983.33},{"timestamp":"2026-04-18T14:00:00+00:00","equity":984.71},{"timestamp":"2026-04-18T15:00:00+00:00","equity":983.78},{"timestamp":"2026-04-18T16:00:00+00:00","equity":981.45},{"timestamp":"2026-04-18T17:00:00+00:00","equity":980.24},{"timestamp":"2026-04-18T18:00:00+00:00","equity":978.36},{"timestamp":"2026-04-18T19:00:00+00:00","equity":978.46},{"timestamp":"2026-04-18T20:00:00+00:00","equity":979.54},{"timestamp":"2026-04-18T21:00:00+00:00","equity":980.26},{"timestamp":"2026-04-18T22:00:00+00:00","equity":980.2},{"timestamp":"2026-04-18T23:00:00+00:00","equity":979.04},{"timestamp":"2026-04-19T00:00:00+00:00","equity":978.73},{"timestamp":"2026-04-19T01:00:00+00:00","equity":978.15},{"timestamp":"2026-04-19T02:00:00+00:00","equity":976.88},{"timestamp":"2026-04-19T03:00:00+00:00","equity":977.05},{"timestamp":"2026-04-19T04:00:00+00:00","equity":978.65},{"timestamp":"2026-04-19T05:00:00+00:00","equity":977.4},{"timestamp":"2026-04-19T06:00:00+00:00","equity":975.83},{"timestamp":"2026-04-19T07:00:00+00:00","equity":974.42},{"timestamp":"2026-04-19T08:00:00+00:00","equity":974.52},{"timestamp":"2026-04-19T09:00:00+00:00","equity":971.68},{"timestamp":"2026-04-19T10:00:00+00:00","equity":973.9},{"timestamp":"2026-04-19T11:00:00+00:00","equity":978.43},{"timestamp":"2026-04-19T12:00:00+00:00","equity":978.16},{"timestamp":"2026-04-19T13:00:00+00:00","equity":982.0},{"timestamp":"2026-04-19T14:00:00+00:00","equity":983.11},{"timestamp":"2026-04-19T15:00:00+00:00","equity":981.23},{"timestamp":"2026-04-19T16:00:00+00:00","equity":976.34},{"timestamp":"2026-04-19T17:00:00+00:00","equity":969.37},{"timestamp":"2026-04-19T18:00:00+00:00","equity":969.63},{"timestamp":"2026-04-19T19:00:00+00:00","equity":971.92},{"timestamp":"2026-04-19T20:00:00+00:00","equity":967.76},{"timestamp":"2026-04-19T21:00:00+00:00","equity":965.18},{"timestamp":"2026-04-19T22:00:00+00:00","equity":960.2},{"timestamp":"2026-04-19T23:00:00+00:00","equity":956.94},{"timestamp":"2026-04-20T00:00:00+00:00","equity":963.34},{"timestamp":"2026-04-20T01:00:00+00:00","equity":967.24},{"timestamp":"2026-04-20T02:00:00+00:00","equity":964.96},{"timestamp":"2026-04-20T03:00:00+00:00","equity":967.84},{"timestamp":"2026-04-20T04:00:00+00:00","equity":966.84},{"timestamp":"2026-04-20T05:00:00+00:00","equity":963.08},{"timestamp":"2026-04-20T06:00:00+00:00","equity":969.8},{"timestamp":"2026-04-20T07:00:00+00:00","equity":970.68},{"timestamp":"2026-04-20T08:00:00+00:00","equity":969.56},{"timestamp":"2026-04-20T09:00:00+00:00","equity":973.51},{"timestamp":"2026-04-20T10:00:00+00:00","equity":973.14},{"timestamp":"2026-04-20T11:00:00+00:00","equity":974.95},{"timestamp":"2026-04-20T12:00:00+00:00","equity":976.17},{"timestamp":"2026-04-20T13:00:00+00:00","equity":975.94},{"timestamp":"2026-04-20T14:00:00+00:00","equity":972.79},{"timestamp":"2026-04-20T15:00:00+00:00","equity":981.04},{"timestamp":"2026-04-20T16:00:00+00:00","equity":976.61},{"timestamp":"2026-04-20T17:00:00+00:00","equity":983.08},{"timestamp":"2026-04-20T18:00:00+00:00","equity":988.44},{"timestamp":"2026-04-20T19:00:00+00:00","equity":987.22},{"timestamp":"2026-04-20T20:00:00+00:00","equity":987.17},{"timestamp":"2026-04-20T21:00:00+00:00","equity":984.27},{"timestamp":"2026-04-20T22:00:00+00:00","equity":984.44},{"timestamp":"2026-04-20T23:00:00+00:00","equity":982.98},{"timestamp":"2026-04-21T00:00:00+00:00","equity":985.72},{"timestamp":"2026-04-21T01:00:00+00:00","equity":983.92},{"timestamp":"2026-04-21T02:00:00+00:00","equity":980.36},{"timestamp":"2026-04-21T03:00:00+00:00","equity":981.68},{"timestamp":"2026-04-21T04:00:00+00:00","equity":982.73},{"timestamp":"2026-04-21T05:00:00+00:00","equity":982.68},{"timestamp":"2026-04-21T06:00:00+00:00","equity":984.41},{"timestamp":"2026-04-21T07:00:00+00:00","equity":985.62},{"timestamp":"2026-04-21T08:00:00+00:00","equity":989.93},{"timestamp":"2026-04-21T09:00:00+00:00","equity":988.48},{"timestamp":"2026-04-21T10:00:00+00:00","equity":992.06},{"timestamp":"2026-04-21T11:00:00+00:00","equity":989.32},{"timestamp":"2026-04-21T12:00:00+00:00","equity":985.91},{"timestamp":"2026-04-21T13:00:00+00:00","equity":984.85},{"timestamp":"2026-04-21T14:00:00+00:00","equity":983.25},{"timestamp":"2026-04-21T15:00:00+00:00","equity":984.79},{"timestamp":"2026-04-21T16:00:00+00:00","equity":984.26},{"timestamp":"2026-04-21T17:00:00+00:00","equity":982.48},{"timestamp":"2026-04-21T18:00:00+00:00","equity":983.06},{"timestamp":"2026-04-21T19:00:00+00:00","equity":977.42},{"timestamp":"2026-04-21T20:00:00+00:00","equity":985.56},{"timestamp":"2026-04-21T21:00:00+00:00","equity":983.48},{"timestamp":"2026-04-21T22:00:00+00:00","equity":984.61},{"timestamp":"2026-04-21T23:00:00+00:00","equity":991.93},{"timestamp":"2026-04-22T00:00:00+00:00","equity":992.32},{"timestamp":"2026-04-22T01:00:00+00:00","equity":991.72},{"timestamp":"2026-04-22T02:00:00+00:00","equity":1003.14},{"timestamp":"2026-04-22T03:00:00+00:00","equity":1002.52},{"timestamp":"2026-04-22T04:00:00+00:00","equity":1002.41},{"timestamp":"2026-04-22T05:00:00+00:00","equity":1006.08},{"timestamp":"2026-04-22T06:00:00+00:00","equity":1006.27},{"timestamp":"2026-04-22T07:00:00+00:00","equity":1006.27},{"timestamp":"2026-04-22T08:00:00+00:00","equity":1006.3},{"timestamp":"2026-04-22T09:00:00+00:00","equity":1006.22},{"timestamp":"2026-04-22T10:00:00+00:00","equity":1007.13},{"timestamp":"2026-04-22T11:00:00+00:00","equity":1007.97},{"timestamp":"2026-04-22T12:00:00+00:00","equity":1007.63},{"timestamp":"2026-04-22T13:00:00+00:00","equity":1011.19},{"timestamp":"2026-04-22T14:00:00+00:00","equity":1012.14},{"timestamp":"2026-04-22T15:00:00+00:00","equity":1013.24},{"timestamp":"2026-04-22T16:00:00+00:00","equity":1010.77},{"timestamp":"2026-04-22T17:00:00+00:00","equity":1011.42},{"timestamp":"2026-04-22T18:00:00+00:00","equity":1012.06},{"timestamp":"2026-04-22T19:00:00+00:00","equity":1011.25},{"timestamp":"2026-04-22T20:00:00+00:00","equity":1009.32},{"timestamp":"2026-04-22T21:00:00+00:00","equity":1010.84},{"timestamp":"2026-04-22T22:00:00+00:00","equity":1010.15},{"timestamp":"2026-04-22T23:00:00+00:00","equity":1007.97},{"timestamp":"2026-04-23T00:00:00+00:00","equity":1010.0},{"timestamp":"2026-04-23T01:00:00+00:00","equity":1009.59},{"timestamp":"2026-04-23T02:00:00+00:00","equity":1007.25},{"timestamp":"2026-04-23T03:00:00+00:00","equity":1005.95},{"timestamp":"2026-04-23T04:00:00+00:00","equity":1007.29},{"timestamp":"2026-04-23T05:00:00+00:00","equity":1007.95},{"timestamp":"2026-04-23T06:00:00+00:00","equity":1009.37},{"timestamp":"2026-04-23T07:00:00+00:00","equity":1008.31},{"timestamp":"2026-04-23T08:00:00+00:00","equity":1006.88},{"timestamp":"2026-04-23T09:00:00+00:00","equity":1005.47},{"timestamp":"2026-04-23T10:00:00+00:00","equity":1003.78},{"timestamp":"2026-04-23T11:00:00+00:00","equity":1005.81},{"timestamp":"2026-04-23T12:00:00+00:00","equity":1007.06},{"timestamp":"2026-04-23T13:00:00+00:00","equity":1004.7},{"timestamp":"2026-04-23T14:00:00+00:00","equity":1009.21},{"timestamp":"2026-04-23T15:00:00+00:00","equity":1010.44},{"timestamp":"2026-04-23T16:00:00+00:00","equity":1008.9},{"timestamp":"2026-04-23T17:00:00+00:00","equity":1007.63},{"timestamp":"2026-04-23T18:00:00+00:00","equity":1007.23},{"timestamp":"2026-04-23T19:00:00+00:00","equity":1007.28},{"timestamp":"2026-04-23T20:00:00+00:00","equity":1008.38},{"timestamp":"2026-04-23T21:00:00+00:00","equity":1008.35},{"timestamp":"2026-04-23T22:00:00+00:00","equity":1010.79},{"timestamp":"2026-04-23T23:00:00+00:00","equity":1010.96},{"timestamp":"2026-04-24T00:00:00+00:00","equity":1011.93},{"timestamp":"2026-04-24T01:00:00+00:00","equity":1012.04},{"timestamp":"2026-04-24T02:00:00+00:00","equity":1010.27},{"timestamp":"2026-04-24T03:00:00+00:00","equity":1008.0},{"timestamp":"2026-04-24T04:00:00+00:00","equity":1007.5},{"timestamp":"2026-04-24T05:00:00+00:00","equity":1009.49},{"timestamp":"2026-04-24T06:00:00+00:00","equity":1008.39},{"timestamp":"2026-04-24T07:00:00+00:00","equity":1007.46},{"timestamp":"2026-04-24T08:00:00+00:00","equity":1008.36},{"timestamp":"2026-04-24T09:00:00+00:00","equity":1006.6},{"timestamp":"2026-04-24T10:00:00+00:00","equity":1008.07},{"timestamp":"2026-04-24T11:00:00+00:00","equity":1011.5},{"timestamp":"2026-04-24T12:00:00+00:00","equity":1011.74},{"timestamp":"2026-04-24T13:00:00+00:00","equity":1010.66},{"timestamp":"2026-04-24T14:00:00+00:00","equity":1010.84},{"timestamp":"2026-04-24T15:00:00+00:00","equity":1010.82},{"timestamp":"2026-04-24T16:00:00+00:00","equity":1008.98},{"timestamp":"2026-04-24T17:00:00+00:00","equity":1008.31},{"timestamp":"2026-04-24T18:00:00+00:00","equity":1007.84},{"timestamp":"2026-04-24T19:00:00+00:00","equity":1008.01},{"timestamp":"2026-04-24T20:00:00+00:00","equity":1008.6},{"timestamp":"2026-04-24T21:00:00+00:00","equity":1007.34},{"timestamp":"2026-04-24T22:00:00+00:00","equity":1005.94},{"timestamp":"2026-04-24T23:00:00+00:00","equity":1006.63},{"timestamp":"2026-04-25T00:00:00+00:00","equity":1006.78},{"timestamp":"2026-04-25T01:00:00+00:00","equity":1007.31},{"timestamp":"2026-04-25T02:00:00+00:00","equity":1007.82},{"timestamp":"2026-04-25T03:00:00+00:00","equity":1008.27},{"timestamp":"2026-04-25T04:00:00+00:00","equity":1007.86},{"timestamp":"2026-04-25T05:00:00+00:00","equity":1007.18},{"timestamp":"2026-04-25T06:00:00+00:00","equity":1007.08},{"timestamp":"2026-04-25T07:00:00+00:00","equity":1007.04},{"timestamp":"2026-04-25T08:00:00+00:00","equity":1008.08},{"timestamp":"2026-04-25T09:00:00+00:00","equity":1008.53},{"timestamp":"2026-04-25T10:00:00+00:00","equity":1009.02},{"timestamp":"2026-04-25T11:00:00+00:00","equity":1008.31},{"timestamp":"2026-04-25T12:00:00+00:00","equity":1007.41},{"timestamp":"2026-04-25T13:00:00+00:00","equity":1008.28},{"timestamp":"2026-04-25T14:00:00+00:00","equity":1008.13},{"timestamp":"2026-04-25T15:00:00+00:00","equity":1005.89},{"timestamp":"2026-04-25T16:00:00+00:00","equity":1006.4},{"timestamp":"2026-04-25T17:00:00+00:00","equity":1005.34},{"timestamp":"2026-04-25T18:00:00+00:00","equity":1005.59},{"timestamp":"2026-04-25T19:00:00+00:00","equity":1005.79},{"timestamp":"2026-04-25T20:00:00+00:00","equity":1006.87},{"timestamp":"2026-04-25T21:00:00+00:00","equity":1007.23},{"timestamp":"2026-04-25T22:00:00+00:00","equity":1007.43},{"timestamp":"2026-04-25T23:00:00+00:00","equity":1007.93},{"timestamp":"2026-04-26T00:00:00+00:00","equity":1007.03},{"timestamp":"2026-04-26T01:00:00+00:00","equity":1006.75},{"timestamp":"2026-04-26T02:00:00+00:00","equity":1007.21},{"timestamp":"2026-04-26T03:00:00+00:00","equity":1006.26},{"timestamp":"2026-04-26T04:00:00+00:00","equity":1008.89},{"timestamp":"2026-04-26T05:00:00+00:00","equity":1010.37},{"timestamp":"2026-04-26T06:00:00+00:00","equity":1010.46},{"timestamp":"2026-04-26T07:00:00+00:00","equity":1011.2},{"timestamp":"2026-04-26T08:00:00+00:00","equity":1010.67},{"timestamp":"2026-04-26T09:00:00+00:00","equity":1010.52},{"timestamp":"2026-04-26T10:00:00+00:00","equity":1010.5},{"timestamp":"2026-04-26T11:00:00+00:00","equity":1011.14},{"timestamp":"2026-04-26T12:00:00+00:00","equity":1009.31},{"timestamp":"2026-04-26T13:00:00+00:00","equity":1010.29},{"timestamp":"2026-04-26T14:00:00+00:00","equity":1011.08},{"timestamp":"2026-04-26T15:00:00+00:00","equity":1010.84},{"timestamp":"2026-04-26T16:00:00+00:00","equity":1010.02},{"timestamp":"2026-04-26T17:00:00+00:00","equity":1010.59},{"timestamp":"2026-04-26T18:00:00+00:00","equity":1012.41},{"timestamp":"2026-04-26T19:00:00+00:00","equity":1012.16},{"timestamp":"2026-04-26T20:00:00+00:00","equity":1012.0},{"timestamp":"2026-04-26T21:00:00+00:00","equity":1013.19},{"timestamp":"2026-04-26T22:00:00+00:00","equity":1012.63},{"timestamp":"2026-04-26T23:00:00+00:00","equity":1014.48},{"timestamp":"2026-04-27T00:00:00+00:00","equity":1017.54},{"timestamp":"2026-04-27T01:00:00+00:00","equity":1017.69},{"timestamp":"2026-04-27T02:00:00+00:00","equity":1017.02},{"timestamp":"2026-04-27T03:00:00+00:00","equity":1016.88},{"timestamp":"2026-04-27T04:00:00+00:00","equity":1016.08},{"timestamp":"2026-04-27T05:00:00+00:00","equity":1010.85},{"timestamp":"2026-04-27T06:00:00+00:00","equity":1010.29},{"timestamp":"2026-04-27T07:00:00+00:00","equity":1009.68},{"timestamp":"2026-04-27T08:00:00+00:00","equity":1010.99},{"timestamp":"2026-04-27T09:00:00+00:00","equity":1011.62},{"timestamp":"2026-04-27T10:00:00+00:00","equity":1011.31},{"timestamp":"2026-04-27T11:00:00+00:00","equity":1011.24},{"timestamp":"2026-04-27T12:00:00+00:00","equity":1010.03},{"timestamp":"2026-04-27T13:00:00+00:00","equity":1010.57},{"timestamp":"2026-04-27T14:00:00+00:00","equity":1010.97},{"timestamp":"2026-04-27T15:00:00+00:00","equity":1004.5},{"timestamp":"2026-04-27T16:00:00+00:00","equity":1002.83},{"timestamp":"2026-04-27T17:00:00+00:00","equity":1003.68},{"timestamp":"2026-04-27T18:00:00+00:00","equity":1004.43},{"timestamp":"2026-04-27T19:00:00+00:00","equity":1005.4},{"timestamp":"2026-04-27T20:00:00+00:00","equity":1006.11},{"timestamp":"2026-04-27T21:00:00+00:00","equity":1004.46},{"timestamp":"2026-04-27T22:00:00+00:00","equity":1007.0},{"timestamp":"2026-04-27T23:00:00+00:00","equity":1009.51},{"timestamp":"2026-04-28T00:00:00+00:00","equity":1009.65},{"timestamp":"2026-04-28T01:00:00+00:00","equity":1007.21},{"timestamp":"2026-04-28T02:00:00+00:00","equity":1005.67},{"timestamp":"2026-04-28T03:00:00+00:00","equity":1005.04},{"timestamp":"2026-04-28T04:00:00+00:00","equity":1005.66},{"timestamp":"2026-04-28T05:00:00+00:00","equity":1005.69},{"timestamp":"2026-04-28T06:00:00+00:00","equity":1004.18},{"timestamp":"2026-04-28T07:00:00+00:00","equity":1005.92},{"timestamp":"2026-04-28T08:00:00+00:00","equity":1005.86},{"timestamp":"2026-04-28T09:00:00+00:00","equity":1003.36},{"timestamp":"2026-04-28T10:00:00+00:00","equity":1003.57},{"timestamp":"2026-04-28T11:00:00+00:00","equity":999.97},{"timestamp":"2026-04-28T12:00:00+00:00","equity":1001.51},{"timestamp":"2026-04-28T13:00:00+00:00","equity":999.7},{"timestamp":"2026-04-28T14:00:00+00:00","equity":997.46},{"timestamp":"2026-04-28T15:00:00+00:00","equity":998.61},{"timestamp":"2026-04-28T16:00:00+00:00","equity":999.23},{"timestamp":"2026-04-28T17:00:00+00:00","equity":999.83},{"timestamp":"2026-04-28T18:00:00+00:00","equity":1000.39},{"timestamp":"2026-04-28T19:00:00+00:00","equity":1001.49},{"timestamp":"2026-04-28T20:00:00+00:00","equity":1002.91},{"timestamp":"2026-04-28T21:00:00+00:00","equity":1001.74},{"timestamp":"2026-04-28T22:00:00+00:00","equity":1000.49},{"timestamp":"2026-04-28T23:00:00+00:00","equity":1001.39},{"timestamp":"2026-04-29T00:00:00+00:00","equity":1003.23},{"timestamp":"2026-04-29T01:00:00+00:00","equity":1003.62},{"timestamp":"2026-04-29T02:00:00+00:00","equity":1003.29},{"timestamp":"2026-04-29T03:00:00+00:00","equity":1007.71},{"timestamp":"2026-04-29T04:00:00+00:00","equity":1009.98},{"timestamp":"2026-04-29T05:00:00+00:00","equity":1010.14},{"timestamp":"2026-04-29T06:00:00+00:00","equity":1007.89},{"timestamp":"2026-04-29T07:00:00+00:00","equity":1008.15},{"timestamp":"2026-04-29T08:00:00+00:00","equity":1008.12},{"timestamp":"2026-04-29T09:00:00+00:00","equity":1013.12},{"timestamp":"2026-04-29T10:00:00+00:00","equity":1012.92},{"timestamp":"2026-04-29T11:00:00+00:00","equity":1012.67},{"timestamp":"2026-04-29T12:00:00+00:00","equity":1009.52},{"timestamp":"2026-04-29T13:00:00+00:00","equity":1007.24},{"timestamp":"2026-04-29T14:00:00+00:00","equity":1005.58},{"timestamp":"2026-04-29T15:00:00+00:00","equity":999.98},{"timestamp":"2026-04-29T16:00:00+00:00","equity":998.92},{"timestamp":"2026-04-29T17:00:00+00:00","equity":1002.73},{"timestamp":"2026-04-29T18:00:00+00:00","equity":996.61},{"timestamp":"2026-04-29T19:00:00+00:00","equity":997.09},{"timestamp":"2026-04-29T20:00:00+00:00","equity":998.31},{"timestamp":"2026-04-29T21:00:00+00:00","equity":1000.98},{"timestamp":"2026-04-29T22:00:00+00:00","equity":1000.91},{"timestamp":"2026-04-29T23:00:00+00:00","equity":999.42},{"timestamp":"2026-04-30T00:00:00+00:00","equity":1004.43},{"timestamp":"2026-04-30T01:00:00+00:00","equity":1004.22},{"timestamp":"2026-04-30T02:00:00+00:00","equity":998.59},{"timestamp":"2026-04-30T03:00:00+00:00","equity":1000.98},{"timestamp":"2026-04-30T04:00:00+00:00","equity":996.33},{"timestamp":"2026-04-30T05:00:00+00:00","equity":997.49},{"timestamp":"2026-04-30T06:00:00+00:00","equity":999.14},{"timestamp":"2026-04-30T07:00:00+00:00","equity":1003.4},{"timestamp":"2026-04-30T08:00:00+00:00","equity":1002.37},{"timestamp":"2026-04-30T09:00:00+00:00","equity":1002.75},{"timestamp":"2026-04-30T10:00:00+00:00","equity":1001.94},{"timestamp":"2026-04-30T11:00:00+00:00","equity":1002.34},{"timestamp":"2026-04-30T12:00:00+00:00","equity":1004.91},{"timestamp":"2026-04-30T13:00:00+00:00","equity":1006.03},{"timestamp":"2026-04-30T14:00:00+00:00","equity":1004.98},{"timestamp":"2026-04-30T15:00:00+00:00","equity":1006.56},{"timestamp":"2026-04-30T16:00:00+00:00","equity":1004.54},{"timestamp":"2026-04-30T17:00:00+00:00","equity":1004.45},{"timestamp":"2026-04-30T18:00:00+00:00","equity":1005.42},{"timestamp":"2026-04-30T19:00:00+00:00","equity":1006.03},{"timestamp":"2026-04-30T20:00:00+00:00","equity":1006.77},{"timestamp":"2026-04-30T21:00:00+00:00","equity":1004.42},{"timestamp":"2026-04-30T22:00:00+00:00","equity":1004.4},{"timestamp":"2026-04-30T23:00:00+00:00","equity":1005.32},{"timestamp":"2026-05-01T00:00:00+00:00","equity":1006.41},{"timestamp":"2026-05-01T01:00:00+00:00","equity":1008.52},{"timestamp":"2026-05-01T02:00:00+00:00","equity":1007.74},{"timestamp":"2026-05-01T03:00:00+00:00","equity":1012.53},{"timestamp":"2026-05-01T04:00:00+00:00","equity":1011.83},{"timestamp":"2026-05-01T05:00:00+00:00","equity":1012.93},{"timestamp":"2026-05-01T06:00:00+00:00","equity":1011.57},{"timestamp":"2026-05-01T07:00:00+00:00","equity":1012.66},{"timestamp":"2026-05-01T08:00:00+00:00","equity":1014.68},{"timestamp":"2026-05-01T09:00:00+00:00","equity":1013.94},{"timestamp":"2026-05-01T10:00:00+00:00","equity":1014.05},{"timestamp":"2026-05-01T11:00:00+00:00","equity":1015.44},{"timestamp":"2026-05-01T12:00:00+00:00","equity":1018.7},{"timestamp":"2026-05-01T13:00:00+00:00","equity":1024.16},{"timestamp":"2026-05-01T14:00:00+00:00","equity":1021.9},{"timestamp":"2026-05-01T15:00:00+00:00","equity":1022.36},{"timestamp":"2026-05-01T16:00:00+00:00","equity":1020.98},{"timestamp":"2026-05-01T17:00:00+00:00","equity":1022.96},{"timestamp":"2026-05-01T18:00:00+00:00","equity":1022.29},{"timestamp":"2026-05-01T19:00:00+00:00","equity":1021.96},{"timestamp":"2026-05-01T20:00:00+00:00","equity":1019.75},{"timestamp":"2026-05-01T21:00:00+00:00","equity":1021.66},{"timestamp":"2026-05-01T22:00:00+00:00","equity":1021.31},{"timestamp":"2026-05-01T23:00:00+00:00","equity":1021.81},{"timestamp":"2026-05-02T00:00:00+00:00","equity":1022.45},{"timestamp":"2026-05-02T01:00:00+00:00","equity":1022.43},{"timestamp":"2026-05-02T02:00:00+00:00","equity":1022.52},{"timestamp":"2026-05-02T03:00:00+00:00","equity":1022.81},{"timestamp":"2026-05-02T04:00:00+00:00","equity":1021.5},{"timestamp":"2026-05-02T05:00:00+00:00","equity":1021.5},{"timestamp":"2026-05-02T06:00:00+00:00","equity":1022.32},{"timestamp":"2026-05-02T07:00:00+00:00","equity":1021.73},{"timestamp":"2026-05-02T08:00:00+00:00","equity":1022.25},{"timestamp":"2026-05-02T09:00:00+00:00","equity":1022.19},{"timestamp":"2026-05-02T10:00:00+00:00","equity":1021.9},{"timestamp":"2026-05-02T11:00:00+00:00","equity":1021.31},{"timestamp":"2026-05-02T12:00:00+00:00","equity":1021.69},{"timestamp":"2026-05-02T13:00:00+00:00","equity":1022.56},{"timestamp":"2026-05-02T14:00:00+00:00","equity":1022.84},{"timestamp":"2026-05-02T15:00:00+00:00","equity":1023.23},{"timestamp":"2026-05-02T16:00:00+00:00","equity":1023.02},{"timestamp":"2026-05-02T17:00:00+00:00","equity":1022.72},{"timestamp":"2026-05-02T18:00:00+00:00","equity":1023.08},{"timestamp":"2026-05-02T19:00:00+00:00","equity":1023.24},{"timestamp":"2026-05-02T20:00:00+00:00","equity":1023.09},{"timestamp":"2026-05-02T21:00:00+00:00","equity":1024.87},{"timestamp":"2026-05-02T22:00:00+00:00","equity":1025.37},{"timestamp":"2026-05-02T23:00:00+00:00","equity":1024.68},{"timestamp":"2026-05-03T00:00:00+00:00","equity":1024.08},{"timestamp":"2026-05-03T01:00:00+00:00","equity":1022.55},{"timestamp":"2026-05-03T02:00:00+00:00","equity":1022.06},{"timestamp":"2026-05-03T03:00:00+00:00","equity":1022.25},{"timestamp":"2026-05-03T04:00:00+00:00","equity":1022.07},{"timestamp":"2026-05-03T05:00:00+00:00","equity":1022.5},{"timestamp":"2026-05-03T06:00:00+00:00","equity":1022.73},{"timestamp":"2026-05-03T07:00:00+00:00","equity":1023.17},{"timestamp":"2026-05-03T08:00:00+00:00","equity":1023.31},{"timestamp":"2026-05-03T09:00:00+00:00","equity":1024.17},{"timestamp":"2026-05-03T10:00:00+00:00","equity":1023.44},{"timestamp":"2026-05-03T11:00:00+00:00","equity":1024.88},{"timestamp":"2026-05-03T12:00:00+00:00","equity":1025.38},{"timestamp":"2026-05-03T13:00:00+00:00","equity":1024.89},{"timestamp":"2026-05-03T14:00:00+00:00","equity":1025.29},{"timestamp":"2026-05-03T15:00:00+00:00","equity":1024.88},{"timestamp":"2026-05-03T16:00:00+00:00","equity":1024.87},{"timestamp":"2026-05-03T17:00:00+00:00","equity":1025.24},{"timestamp":"2026-05-03T18:00:00+00:00","equity":1025.31},{"timestamp":"2026-05-03T19:00:00+00:00","equity":1025.42},{"timestamp":"2026-05-03T20:00:00+00:00","equity":1026.41},{"timestamp":"2026-05-03T21:00:00+00:00","equity":1025.97},{"timestamp":"2026-05-03T22:00:00+00:00","equity":1027.54},{"timestamp":"2026-05-03T23:00:00+00:00","equity":1024.77},{"timestamp":"2026-05-04T00:00:00+00:00","equity":1024.85},{"timestamp":"2026-05-04T01:00:00+00:00","equity":1030.67},{"timestamp":"2026-05-04T02:00:00+00:00","equity":1032.16},{"timestamp":"2026-05-04T03:00:00+00:00","equity":1032.51},{"timestamp":"2026-05-04T04:00:00+00:00","equity":1032.53},{"timestamp":"2026-05-04T05:00:00+00:00","equity":1031.82},{"timestamp":"2026-05-04T06:00:00+00:00","equity":1031.68},{"timestamp":"2026-05-04T07:00:00+00:00","equity":1031.09},{"timestamp":"2026-05-04T08:00:00+00:00","equity":1031.12},{"timestamp":"2026-05-04T09:00:00+00:00","equity":1031.53},{"timestamp":"2026-05-04T10:00:00+00:00","equity":1029.86},{"timestamp":"2026-05-04T11:00:00+00:00","equity":1029.05},{"timestamp":"2026-05-04T12:00:00+00:00","equity":1029.44},{"timestamp":"2026-05-04T13:00:00+00:00","equity":1029.01},{"timestamp":"2026-05-04T14:00:00+00:00","equity":1034.9},{"timestamp":"2026-05-04T15:00:00+00:00","equity":1035.12},{"timestamp":"2026-05-04T16:00:00+00:00","equity":1035.77},{"timestamp":"2026-05-04T17:00:00+00:00","equity":1036.56},{"timestamp":"2026-05-04T18:00:00+00:00","equity":1035.95},{"timestamp":"2026-05-04T19:00:00+00:00","equity":1035.81},{"timestamp":"2026-05-04T20:00:00+00:00","equity":1035.56},{"timestamp":"2026-05-04T21:00:00+00:00","equity":1036.29},{"timestamp":"2026-05-04T22:00:00+00:00","equity":1035.84},{"timestamp":"2026-05-04T23:00:00+00:00","equity":1035.34},{"timestamp":"2026-05-05T00:00:00+00:00","equity":1036.07},{"timestamp":"2026-05-05T01:00:00+00:00","equity":1036.48},{"timestamp":"2026-05-05T02:00:00+00:00","equity":1036.94},{"timestamp":"2026-05-05T03:00:00+00:00","equity":1037.71},{"timestamp":"2026-05-05T04:00:00+00:00","equity":1037.73},{"timestamp":"2026-05-05T05:00:00+00:00","equity":1037.81},{"timestamp":"2026-05-05T06:00:00+00:00","equity":1037.82},{"timestamp":"2026-05-05T07:00:00+00:00","equity":1037.7},{"timestamp":"2026-05-05T08:00:00+00:00","equity":1037.64},{"timestamp":"2026-05-05T09:00:00+00:00","equity":1037.38},{"timestamp":"2026-05-05T10:00:00+00:00","equity":1037.66},{"timestamp":"2026-05-05T11:00:00+00:00","equity":1037.78},{"timestamp":"2026-05-06T00:00:00+00:00","equity":1037.86},{"timestamp":"2026-05-06T01:00:00+00:00","equity":1038.33},{"timestamp":"2026-05-06T02:00:00+00:00","equity":1038.25},{"timestamp":"2026-05-06T03:00:00+00:00","equity":1038.48},{"timestamp":"2026-05-06T04:00:00+00:00","equity":1038.48},{"timestamp":"2026-05-06T05:00:00+00:00","equity":1038.48},{"timestamp":"2026-05-06T06:00:00+00:00","equity":1038.48},{"timestamp":"2026-05-06T07:00:00+00:00","equity":1038.48},{"timestamp":"2026-05-06T08:00:00+00:00","equity":1038.48},{"timestamp":"2026-05-06T09:00:00+00:00","equity":1038.48},{"timestamp":"2026-05-06T10:00:00+00:00","equity":1038.48},{"timestamp":"2026-05-06T11:00:00+00:00","equity":1038.48},{"timestamp":"2026-05-06T12:00:00+00:00","equity":1038.48},{"timestamp":"2026-05-06T13:00:00+00:00","equity":1038.48},{"timestamp":"2026-05-06T14:00:00+00:00","equity":1038.48},{"timestamp":"2026-05-06T15:00:00+00:00","equity":1038.48},{"timestamp":"2026-05-06T16:00:00+00:00","equity":1038.48},{"timestamp":"2026-05-06T17:00:00+00:00","equity":1038.48},{"timestamp":"2026-05-06T18:00:00+00:00","equity":1038.48},{"timestamp":"2026-05-06T19:00:00+00:00","equity":1038.48},{"timestamp":"2026-05-06T20:00:00+00:00","equity":1038.48},{"timestamp":"2026-05-06T21:00:00+00:00","equity":1038.48},{"timestamp":"2026-05-06T22:00:00+00:00","equity":1038.48},{"timestamp":"2026-05-06T23:00:00+00:00","equity":1038.48},{"timestamp":"2026-05-07T00:00:00+00:00","equity":1038.48},{"timestamp":"2026-05-07T01:00:00+00:00","equity":1038.7},{"timestamp":"2026-05-07T02:00:00+00:00","equity":1038.63},{"timestamp":"2026-05-07T03:00:00+00:00","equity":1038.32},{"timestamp":"2026-05-07T04:00:00+00:00","equity":1038.47},{"timestamp":"2026-05-07T05:00:00+00:00","equity":1038.6},{"timestamp":"2026-05-07T06:00:00+00:00","equity":1039.0},{"timestamp":"2026-05-07T07:00:00+00:00","equity":1039.13},{"timestamp":"2026-05-07T08:00:00+00:00","equity":1039.13},{"timestamp":"2026-05-07T09:00:00+00:00","equity":1039.05},{"timestamp":"2026-05-07T10:00:00+00:00","equity":1038.97},{"timestamp":"2026-05-07T11:00:00+00:00","equity":1038.99},{"timestamp":"2026-05-07T12:00:00+00:00","equity":1039.33},{"timestamp":"2026-05-07T13:00:00+00:00","equity":1039.23},{"timestamp":"2026-05-07T14:00:00+00:00","equity":1038.66},{"timestamp":"2026-05-07T15:00:00+00:00","equity":1038.01},{"timestamp":"2026-05-07T16:00:00+00:00","equity":1037.81},{"timestamp":"2026-05-07T17:00:00+00:00","equity":1038.99},{"timestamp":"2026-05-07T18:00:00+00:00","equity":1039.37},{"timestamp":"2026-05-07T19:00:00+00:00","equity":1039.1},{"timestamp":"2026-05-07T20:00:00+00:00","equity":1038.68},{"timestamp":"2026-05-07T21:00:00+00:00","equity":1038.42},{"timestamp":"2026-05-07T22:00:00+00:00","equity":1039.02},{"timestamp":"2026-05-07T23:00:00+00:00","equity":1039.35},{"timestamp":"2026-05-08T00:00:00+00:00","equity":1038.72},{"timestamp":"2026-05-08T01:00:00+00:00","equity":1038.12},{"timestamp":"2026-05-08T03:00:00+00:00","equity":1037.81},{"timestamp":"2026-05-08T04:00:00+00:00","equity":1038.12},{"timestamp":"2026-05-08T05:00:00+00:00","equity":1038.06},{"timestamp":"2026-05-08T06:00:00+00:00","equity":1037.54},{"timestamp":"2026-05-08T07:00:00+00:00","equity":1038.1},{"timestamp":"2026-05-08T08:00:00+00:00","equity":1039.09},{"timestamp":"2026-05-08T09:00:00+00:00","equity":1038.83},{"timestamp":"2026-05-08T10:00:00+00:00","equity":1040.06},{"timestamp":"2026-05-08T11:00:00+00:00","equity":1040.1},{"timestamp":"2026-05-08T12:00:00+00:00","equity":1039.66},{"timestamp":"2026-05-08T13:00:00+00:00","equity":1038.62},{"timestamp":"2026-05-08T14:00:00+00:00","equity":1040.57},{"timestamp":"2026-05-08T15:00:00+00:00","equity":1041.06},{"timestamp":"2026-05-08T16:00:00+00:00","equity":1039.88},{"timestamp":"2026-05-08T17:00:00+00:00","equity":1040.8},{"timestamp":"2026-05-08T18:00:00+00:00","equity":1040.89},{"timestamp":"2026-05-08T19:00:00+00:00","equity":1040.98},{"timestamp":"2026-05-08T20:00:00+00:00","equity":1041.08},{"timestamp":"2026-05-08T21:00:00+00:00","equity":1041.5},{"timestamp":"2026-05-08T22:00:00+00:00","equity":1041.54},{"timestamp":"2026-05-08T23:00:00+00:00","equity":1041.34},{"timestamp":"2026-05-09T00:00:00+00:00","equity":1041.44},{"timestamp":"2026-05-09T01:00:00+00:00","equity":1041.64},{"timestamp":"2026-05-09T02:00:00+00:00","equity":1041.84},{"timestamp":"2026-05-09T03:00:00+00:00","equity":1041.78},{"timestamp":"2026-05-09T04:00:00+00:00","equity":1041.79},{"timestamp":"2026-05-09T05:00:00+00:00","equity":1041.76},{"timestamp":"2026-05-09T06:00:00+00:00","equity":1041.48},{"timestamp":"2026-05-09T07:00:00+00:00","equity":1041.4},{"timestamp":"2026-05-09T08:00:00+00:00","equity":1041.82},{"timestamp":"2026-05-09T09:00:00+00:00","equity":1041.45},{"timestamp":"2026-05-09T10:00:00+00:00","equity":1041.5},{"timestamp":"2026-05-09T11:00:00+00:00","equity":1041.66},{"timestamp":"2026-05-09T12:00:00+00:00","equity":1041.82},{"timestamp":"2026-05-09T13:00:00+00:00","equity":1041.8},{"timestamp":"2026-05-09T14:00:00+00:00","equity":1041.65},{"timestamp":"2026-05-09T15:00:00+00:00","equity":1042.1},{"timestamp":"2026-05-09T16:00:00+00:00","equity":1042.29},{"timestamp":"2026-05-09T17:00:00+00:00","equity":1042.71},{"timestamp":"2026-05-09T18:00:00+00:00","equity":1042.95},{"timestamp":"2026-05-09T19:00:00+00:00","equity":1043.0},{"timestamp":"2026-05-09T20:00:00+00:00","equity":1042.82},{"timestamp":"2026-05-09T21:00:00+00:00","equity":1042.8},{"timestamp":"2026-05-09T22:00:00+00:00","equity":1042.79},{"timestamp":"2026-05-09T23:00:00+00:00","equity":1042.68},{"timestamp":"2026-05-10T00:00:00+00:00","equity":1042.69},{"timestamp":"2026-05-10T01:00:00+00:00","equity":1042.66},{"timestamp":"2026-05-10T02:00:00+00:00","equity":1042.8},{"timestamp":"2026-05-10T03:00:00+00:00","equity":1042.82},{"timestamp":"2026-05-10T04:00:00+00:00","equity":1042.78},{"timestamp":"2026-05-10T05:00:00+00:00","equity":1042.7},{"timestamp":"2026-05-10T06:00:00+00:00","equity":1042.75},{"timestamp":"2026-05-10T07:00:00+00:00","equity":1042.76},{"timestamp":"2026-05-10T08:00:00+00:00","equity":1042.86},{"timestamp":"2026-05-10T09:00:00+00:00","equity":1042.83},{"timestamp":"2026-05-10T10:00:00+00:00","equity":1042.9},{"timestamp":"2026-05-10T11:00:00+00:00","equity":1042.83},{"timestamp":"2026-05-10T12:00:00+00:00","equity":1042.98},{"timestamp":"2026-05-10T13:00:00+00:00","equity":1043.02},{"timestamp":"2026-05-10T14:00:00+00:00","equity":1043.02},{"timestamp":"2026-05-10T15:00:00+00:00","equity":1043.52},{"timestamp":"2026-05-10T16:00:00+00:00","equity":1043.47},{"timestamp":"2026-05-10T17:00:00+00:00","equity":1043.59},{"timestamp":"2026-05-10T18:00:00+00:00","equity":1043.37},{"timestamp":"2026-05-10T19:00:00+00:00","equity":1043.54},{"timestamp":"2026-05-10T20:00:00+00:00","equity":1043.41},{"timestamp":"2026-05-10T21:00:00+00:00","equity":1043.38},{"timestamp":"2026-05-10T22:00:00+00:00","equity":1044.35},{"timestamp":"2026-05-10T23:00:00+00:00","equity":1044.35},{"timestamp":"2026-05-11T00:00:00+00:00","equity":1044.35},{"timestamp":"2026-05-11T01:00:00+00:00","equity":1044.35},{"timestamp":"2026-05-11T02:00:00+00:00","equity":1044.35},{"timestamp":"2026-05-11T03:00:00+00:00","equity":1044.05},{"timestamp":"2026-05-11T04:00:00+00:00","equity":1044.15},{"timestamp":"2026-05-11T05:00:00+00:00","equity":1044.16},{"timestamp":"2026-05-11T06:00:00+00:00","equity":1044.16},{"timestamp":"2026-05-11T07:00:00+00:00","equity":1044.06},{"timestamp":"2026-05-11T08:00:00+00:00","equity":1044.09},{"timestamp":"2026-05-11T09:00:00+00:00","equity":1044.31},{"timestamp":"2026-05-11T10:00:00+00:00","equity":1044.29},{"timestamp":"2026-05-11T11:00:00+00:00","equity":1044.57},{"timestamp":"2026-05-11T12:00:00+00:00","equity":1044.41},{"timestamp":"2026-05-11T13:00:00+00:00","equity":1044.41},{"timestamp":"2026-05-11T14:00:00+00:00","equity":1044.27},{"timestamp":"2026-05-11T15:00:00+00:00","equity":1044.84},{"timestamp":"2026-05-11T16:00:00+00:00","equity":1045.0},{"timestamp":"2026-05-11T17:00:00+00:00","equity":1045.0},{"timestamp":"2026-05-11T18:00:00+00:00","equity":1045.0},{"timestamp":"2026-05-11T19:00:00+00:00","equity":1045.0},{"timestamp":"2026-05-11T20:00:00+00:00","equity":1045.0},{"timestamp":"2026-05-11T21:00:00+00:00","equity":1045.0},{"timestamp":"2026-05-11T22:00:00+00:00","equity":1045.0},{"timestamp":"2026-05-11T23:00:00+00:00","equity":1045.0},{"timestamp":"2026-05-12T00:00:00+00:00","equity":1045.0},{"timestamp":"2026-05-12T01:00:00+00:00","equity":1045.23},{"timestamp":"2026-05-12T02:00:00+00:00","equity":1045.28},{"timestamp":"2026-05-12T03:00:00+00:00","equity":1045.06},{"timestamp":"2026-05-12T04:00:00+00:00","equity":1045.25},{"timestamp":"2026-05-12T05:00:00+00:00","equity":1045.25},{"timestamp":"2026-05-12T06:00:00+00:00","equity":1045.02},{"timestamp":"2026-05-12T07:00:00+00:00","equity":1044.84},{"timestamp":"2026-05-12T08:00:00+00:00","equity":1044.8},{"timestamp":"2026-05-12T09:00:00+00:00","equity":1044.8},{"timestamp":"2026-05-12T10:00:00+00:00","equity":1044.62},{"timestamp":"2026-05-12T11:00:00+00:00","equity":1044.76},{"timestamp":"2026-05-12T12:00:00+00:00","equity":1044.87},{"timestamp":"2026-05-12T13:00:00+00:00","equity":1044.38},{"timestamp":"2026-05-12T14:00:00+00:00","equity":1044.48},{"timestamp":"2026-05-12T15:00:00+00:00","equity":1044.18},{"timestamp":"2026-05-12T16:00:00+00:00","equity":1043.46},{"timestamp":"2026-05-12T17:00:00+00:00","equity":1044.64},{"timestamp":"2026-05-12T18:00:00+00:00","equity":1044.99},{"timestamp":"2026-05-12T19:00:00+00:00","equity":1045.36},{"timestamp":"2026-05-12T20:00:00+00:00","equity":1045.05},{"timestamp":"2026-05-12T21:00:00+00:00","equity":1044.81},{"timestamp":"2026-05-12T22:00:00+00:00","equity":1044.97},{"timestamp":"2026-05-12T23:00:00+00:00","equity":1044.62},{"timestamp":"2026-05-13T00:00:00+00:00","equity":1045.1},{"timestamp":"2026-05-13T01:00:00+00:00","equity":1045.66},{"timestamp":"2026-05-13T02:00:00+00:00","equity":1045.72},{"timestamp":"2026-05-13T03:00:00+00:00","equity":1045.94},{"timestamp":"2026-05-13T04:00:00+00:00","equity":1045.92},{"timestamp":"2026-05-13T05:00:00+00:00","equity":1045.67},{"timestamp":"2026-05-13T06:00:00+00:00","equity":1045.63},{"timestamp":"2026-05-13T07:00:00+00:00","equity":1045.67},{"timestamp":"2026-05-13T08:00:00+00:00","equity":1045.86},{"timestamp":"2026-05-13T09:00:00+00:00","equity":1045.96},{"timestamp":"2026-05-13T10:00:00+00:00","equity":1045.42},{"timestamp":"2026-05-13T11:00:00+00:00","equity":1045.08},{"timestamp":"2026-05-13T12:00:00+00:00","equity":1044.57},{"timestamp":"2026-05-13T13:00:00+00:00","equity":1043.24},{"timestamp":"2026-05-13T14:00:00+00:00","equity":1043.62},{"timestamp":"2026-05-13T15:00:00+00:00","equity":1041.04},{"timestamp":"2026-05-13T16:00:00+00:00","equity":1042.09},{"timestamp":"2026-05-13T17:00:00+00:00","equity":1043.98},{"timestamp":"2026-05-13T18:00:00+00:00","equity":1044.41},{"timestamp":"2026-05-13T19:00:00+00:00","equity":1044.51},{"timestamp":"2026-05-13T20:00:00+00:00","equity":1044.76},{"timestamp":"2026-05-13T21:00:00+00:00","equity":1043.69},{"timestamp":"2026-05-13T22:00:00+00:00","equity":1043.81},{"timestamp":"2026-05-13T23:00:00+00:00","equity":1043.43},{"timestamp":"2026-05-14T00:00:00+00:00","equity":1044.34},{"timestamp":"2026-05-14T01:00:00+00:00","equity":1044.4},{"timestamp":"2026-05-14T02:00:00+00:00","equity":1043.61},{"timestamp":"2026-05-14T03:00:00+00:00","equity":1042.48},{"timestamp":"2026-05-14T04:00:00+00:00","equity":1043.68}],"bar_count":688,"bars":[{"timestamp":"2026-04-15T00:00:00+00:00","open":74170.09375,"high":74718.8203125,"low":74154.828125,"close":74597.890625,"volume":0.0},{"timestamp":"2026-04-15T01:00:00+00:00","open":74591.34375,"high":74799.609375,"low":74531.2578125,"close":74649.0,"volume":0.0},{"timestamp":"2026-04-15T02:00:00+00:00","open":74640.8984375,"high":74738.0078125,"low":74220.0,"close":74360.390625,"volume":0.0},{"timestamp":"2026-04-15T03:00:00+00:00","open":74356.328125,"high":74405.109375,"low":74220.0,"close":74376.75,"volume":0.0},{"timestamp":"2026-04-15T04:00:00+00:00","open":74377.3125,"high":74470.0078125,"low":74295.9609375,"close":74354.171875,"volume":0.0},{"timestamp":"2026-04-15T05:00:00+00:00","open":74365.7265625,"high":74463.9765625,"low":73912.578125,"close":74054.953125,"volume":0.0},{"timestamp":"2026-04-15T06:00:00+00:00","open":74050.0078125,"high":74076.7890625,"low":73902.921875,"close":73942.46875,"volume":0.0},{"timestamp":"2026-04-15T07:00:00+00:00","open":73924.6484375,"high":74048.46875,"low":73573.03125,"close":73771.3515625,"volume":68005888.0},{"timestamp":"2026-04-15T08:00:00+00:00","open":73759.7890625,"high":74219.0078125,"low":73706.0,"close":74139.9921875,"volume":0.0},{"timestamp":"2026-04-15T09:00:00+00:00","open":74167.3515625,"high":74213.4296875,"low":73936.9921875,"close":74038.53125,"volume":0.0},{"timestamp":"2026-04-15T10:00:00+00:00","open":74033.0,"high":74255.7890625,"low":73822.03125,"close":73890.8984375,"volume":151773184.0},{"timestamp":"2026-04-15T11:00:00+00:00","open":73911.59375,"high":74281.6171875,"low":73894.0,"close":74232.65625,"volume":0.0},{"timestamp":"2026-04-15T12:00:00+00:00","open":74244.953125,"high":74494.203125,"low":74075.7578125,"close":74302.4765625,"volume":301113344.0},{"timestamp":"2026-04-15T13:00:00+00:00","open":74287.75,"high":74470.0,"low":73830.40625,"close":74071.3671875,"volume":0.0},{"timestamp":"2026-04-15T14:00:00+00:00","open":74086.03125,"high":74533.9921875,"low":73843.921875,"close":74163.1796875,"volume":0.0},{"timestamp":"2026-04-15T15:00:00+00:00","open":74164.40625,"high":74317.59375,"low":73623.7265625,"close":73868.0,"volume":0.0},{"timestamp":"2026-04-15T16:00:00+00:00","open":73856.046875,"high":74206.078125,"low":73779.65625,"close":73956.71875,"volume":0.0},{"timestamp":"2026-04-15T17:00:00+00:00","open":73993.96875,"high":74253.6015625,"low":73929.671875,"close":74154.7109375,"volume":0.0},{"timestamp":"2026-04-15T18:00:00+00:00","open":74140.640625,"high":74428.2890625,"low":74086.046875,"close":74414.40625,"volume":0.0},{"timestamp":"2026-04-15T19:00:00+00:00","open":74414.40625,"high":75303.75,"low":74395.0078125,"close":75065.578125,"volume":160878592.0},{"timestamp":"2026-04-15T20:00:00+00:00","open":75053.0,"high":75060.7578125,"low":74545.0,"close":74872.140625,"volume":200192000.0},{"timestamp":"2026-04-15T21:00:00+00:00","open":74851.2734375,"high":74888.8671875,"low":74572.078125,"close":74765.3671875,"volume":0.0},{"timestamp":"2026-04-15T22:00:00+00:00","open":74772.2890625,"high":75412.0,"low":74763.8984375,"close":74983.78125,"volume":0.0},{"timestamp":"2026-04-15T23:00:00+00:00","open":74980.9765625,"high":74980.9765625,"low":74639.78125,"close":74836.359375,"volume":0.0},{"timestamp":"2026-04-16T00:00:00+00:00","open":74845.609375,"high":74899.1484375,"low":74508.46875,"close":74820.2421875,"volume":0.0},{"timestamp":"2026-04-16T01:00:00+00:00","open":74835.3203125,"high":74835.3203125,"low":74488.109375,"close":74681.8671875,"volume":0.0},{"timestamp":"2026-04-16T02:00:00+00:00","open":74681.4609375,"high":75288.3515625,"low":74614.3828125,"close":74902.71875,"volume":382001152.0},{"timestamp":"2026-04-16T03:00:00+00:00","open":74887.921875,"high":75177.0,"low":74879.1484375,"close":74904.25,"volume":2016497664.0},{"timestamp":"2026-04-16T04:00:00+00:00","open":74902.2578125,"high":75186.453125,"low":74749.5625,"close":74964.6484375,"volume":0.0},{"timestamp":"2026-04-16T05:00:00+00:00","open":74949.96875,"high":75158.6328125,"low":74914.5625,"close":75058.0234375,"volume":217673728.0},{"timestamp":"2026-04-16T06:00:00+00:00","open":75076.8515625,"high":75130.4375,"low":74877.2421875,"close":75048.65625,"volume":98119680.0},{"timestamp":"2026-04-16T07:00:00+00:00","open":75028.921875,"high":75100.0,"low":74662.34375,"close":74721.5390625,"volume":0.0},{"timestamp":"2026-04-16T08:00:00+00:00","open":74721.546875,"high":74764.78125,"low":74535.4296875,"close":74697.7109375,"volume":804335616.0},{"timestamp":"2026-04-16T09:00:00+00:00","open":74679.25,"high":74927.828125,"low":74611.796875,"close":74612.671875,"volume":0.0},{"timestamp":"2026-04-16T10:00:00+00:00","open":74611.8828125,"high":74670.828125,"low":74288.5,"close":74323.9921875,"volume":0.0},{"timestamp":"2026-04-16T11:00:00+00:00","open":74327.9921875,"high":74601.65625,"low":74300.0078125,"close":74593.328125,"volume":396546048.0},{"timestamp":"2026-04-16T12:00:00+00:00","open":74593.328125,"high":74868.453125,"low":74593.328125,"close":74637.640625,"volume":0.0},{"timestamp":"2026-04-16T13:00:00+00:00","open":74628.7890625,"high":75026.2734375,"low":73328.0,"close":73792.1796875,"volume":937250816.0},{"timestamp":"2026-04-16T14:00:00+00:00","open":73782.1875,"high":74198.5078125,"low":73425.8515625,"close":73973.203125,"volume":372477952.0},{"timestamp":"2026-04-16T15:00:00+00:00","open":73969.7421875,"high":74884.0078125,"low":73941.9921875,"close":74719.9921875,"volume":1685315584.0},{"timestamp":"2026-04-16T16:00:00+00:00","open":74746.0234375,"high":74956.4296875,"low":74079.96875,"close":74186.03125,"volume":538931200.0},{"timestamp":"2026-04-16T17:00:00+00:00","open":74167.890625,"high":74459.40625,"low":73917.140625,"close":74346.0,"volume":130420736.0},{"timestamp":"2026-04-16T18:00:00+00:00","open":74354.03125,"high":75092.3125,"low":74250.09375,"close":75054.4375,"volume":0.0},{"timestamp":"2026-04-16T19:00:00+00:00","open":75102.0,"high":75429.609375,"low":74770.8203125,"close":75371.9765625,"volume":964886528.0},{"timestamp":"2026-04-16T20:00:00+00:00","open":75384.9375,"high":75539.90625,"low":75020.96875,"close":75245.9921875,"volume":128495616.0},{"timestamp":"2026-04-16T21:00:00+00:00","open":75252.2109375,"high":75300.0,"low":74827.8125,"close":74956.9765625,"volume":121356288.0},{"timestamp":"2026-04-16T22:00:00+00:00","open":74966.2578125,"high":75139.453125,"low":74853.75,"close":74888.609375,"volume":0.0},{"timestamp":"2026-04-16T23:00:00+00:00","open":74866.40625,"high":75198.4609375,"low":74847.96875,"close":75163.09375,"volume":0.0},{"timestamp":"2026-04-17T00:00:00+00:00","open":75156.7421875,"high":75179.8515625,"low":74905.90625,"close":74955.9921875,"volume":0.0},{"timestamp":"2026-04-17T01:00:00+00:00","open":74960.6171875,"high":75061.3515625,"low":74594.4765625,"close":74763.890625,"volume":51539968.0},{"timestamp":"2026-04-17T02:00:00+00:00","open":74759.859375,"high":74830.8984375,"low":74562.671875,"close":74728.546875,"volume":0.0},{"timestamp":"2026-04-17T03:00:00+00:00","open":74729.953125,"high":74860.109375,"low":74623.71875,"close":74633.1484375,"volume":0.0},{"timestamp":"2026-04-17T04:00:00+00:00","open":74641.109375,"high":74867.9375,"low":74603.9921875,"close":74810.0078125,"volume":0.0},{"timestamp":"2026-04-17T05:00:00+00:00","open":74810.0,"high":74823.109375,"low":74575.0,"close":74656.5625,"volume":0.0},{"timestamp":"2026-04-17T06:00:00+00:00","open":74645.0234375,"high":74964.25,"low":74614.46875,"close":74964.25,"volume":0.0},{"timestamp":"2026-04-17T07:00:00+00:00","open":74960.9609375,"high":75122.609375,"low":74954.7421875,"close":75085.9921875,"volume":61296640.0},{"timestamp":"2026-04-17T08:00:00+00:00","open":75095.40625,"high":75890.671875,"low":75015.359375,"close":75787.4921875,"volume":619696128.0},{"timestamp":"2026-04-17T09:00:00+00:00","open":75803.578125,"high":76386.671875,"low":75550.1015625,"close":75811.4375,"volume":2566205440.0},{"timestamp":"2026-04-17T10:00:00+00:00","open":75811.453125,"high":75909.7890625,"low":75124.2265625,"close":75303.2421875,"volume":1024786432.0},{"timestamp":"2026-04-17T11:00:00+00:00","open":75292.5078125,"high":75631.84375,"low":75273.75,"close":75622.578125,"volume":0.0},{"timestamp":"2026-04-17T12:00:00+00:00","open":75661.359375,"high":76297.9609375,"low":75567.9921875,"close":76296.0234375,"volume":779100160.0},{"timestamp":"2026-04-17T13:00:00+00:00","open":76270.21875,"high":77456.0625,"low":76101.84375,"close":77385.9921875,"volume":5033406464.0},{"timestamp":"2026-04-17T14:00:00+00:00","open":77434.4609375,"high":78146.25,"low":77065.0703125,"close":77979.0,"volume":3173928960.0},{"timestamp":"2026-04-17T15:00:00+00:00","open":77977.5078125,"high":78060.09375,"low":77497.0,"close":77838.4375,"volume":1281085440.0},{"timestamp":"2026-04-17T16:00:00+00:00","open":77844.0390625,"high":78344.3671875,"low":77778.7578125,"close":77907.28125,"volume":778620928.0},{"timestamp":"2026-04-17T17:00:00+00:00","open":77898.7578125,"high":77974.0625,"low":77156.0,"close":77568.0078125,"volume":973885440.0},{"timestamp":"2026-04-17T18:00:00+00:00","open":77557.5,"high":77613.7421875,"low":77124.0,"close":77199.953125,"volume":126701568.0},{"timestamp":"2026-04-17T19:00:00+00:00","open":77223.7421875,"high":77518.8515625,"low":77061.59375,"close":77515.21875,"volume":0.0},{"timestamp":"2026-04-17T20:00:00+00:00","open":77481.9921875,"high":77650.40625,"low":77188.671875,"close":77380.0,"volume":0.0},{"timestamp":"2026-04-17T21:00:00+00:00","open":77373.2578125,"high":77531.2421875,"low":77310.0,"close":77475.0,"volume":0.0},{"timestamp":"2026-04-17T22:00:00+00:00","open":77448.7421875,"high":77551.5234375,"low":77302.5,"close":77339.9375,"volume":221704192.0},{"timestamp":"2026-04-17T23:00:00+00:00","open":77328.0234375,"high":77337.8515625,"low":76935.0234375,"close":77098.0078125,"volume":370642944.0},{"timestamp":"2026-04-18T00:00:00+00:00","open":77090.53125,"high":77287.4609375,"low":77010.0,"close":77195.9921875,"volume":0.0},{"timestamp":"2026-04-18T01:00:00+00:00","open":77216.2421875,"high":77364.7421875,"low":77148.7578125,"close":77250.6015625,"volume":0.0},{"timestamp":"2026-04-18T02:00:00+00:00","open":77251.9765625,"high":77447.4296875,"low":77154.296875,"close":77321.25,"volume":0.0},{"timestamp":"2026-04-18T03:00:00+00:00","open":77325.609375,"high":77328.75,"low":77002.0625,"close":77034.828125,"volume":0.0},{"timestamp":"2026-04-18T04:00:00+00:00","open":77045.9609375,"high":77197.5,"low":76934.9921875,"close":77148.75,"volume":402907136.0},{"timestamp":"2026-04-18T05:00:00+00:00","open":77144.0234375,"high":77287.5,"low":77144.0234375,"close":77168.296875,"volume":52015104.0},{"timestamp":"2026-04-18T06:00:00+00:00","open":77164.4609375,"high":77253.1875,"low":77091.0,"close":77160.0,"volume":0.0},{"timestamp":"2026-04-18T07:00:00+00:00","open":77140.0,"high":77162.0234375,"low":76923.078125,"close":77020.0078125,"volume":0.0},{"timestamp":"2026-04-18T08:00:00+00:00","open":77020.0234375,"high":77070.390625,"low":76534.0234375,"close":76760.0234375,"volume":0.0},{"timestamp":"2026-04-18T09:00:00+00:00","open":76732.5,"high":76743.7421875,"low":76447.5078125,"close":76631.2578125,"volume":0.0},{"timestamp":"2026-04-18T10:00:00+00:00","open":76627.5,"high":76627.5,"low":76170.7265625,"close":76222.4921875,"volume":0.0},{"timestamp":"2026-04-18T11:00:00+00:00","open":76222.5,"high":76222.5,"low":75797.9921875,"close":76069.4609375,"volume":0.0},{"timestamp":"2026-04-18T12:00:00+00:00","open":76084.9765625,"high":76317.6171875,"low":76070.9921875,"close":76239.7578125,"volume":0.0},{"timestamp":"2026-04-18T13:00:00+00:00","open":76230.828125,"high":76248.7421875,"low":75824.0703125,"close":76148.640625,"volume":0.0},{"timestamp":"2026-04-18T14:00:00+00:00","open":76169.46875,"high":76314.09375,"low":76018.2578125,"close":76280.609375,"volume":0.0},{"timestamp":"2026-04-18T15:00:00+00:00","open":76267.5,"high":76387.4921875,"low":76060.03125,"close":76191.71875,"volume":0.0},{"timestamp":"2026-04-18T16:00:00+00:00","open":76191.7109375,"high":76249.9765625,"low":75752.6328125,"close":75968.1171875,"volume":0.0},{"timestamp":"2026-04-18T17:00:00+00:00","open":75955.4765625,"high":75988.96875,"low":75822.0,"close":75852.1328125,"volume":0.0},{"timestamp":"2026-04-18T18:00:00+00:00","open":75852.0,"high":75872.703125,"low":75498.0078125,"close":75672.453125,"volume":0.0},{"timestamp":"2026-04-18T19:00:00+00:00","open":75654.0078125,"high":75834.453125,"low":75606.21875,"close":75682.1328125,"volume":0.0},{"timestamp":"2026-04-18T20:00:00+00:00","open":75678.8984375,"high":75875.828125,"low":75633.6328125,"close":75784.953125,"volume":0.0},{"timestamp":"2026-04-18T21:00:00+00:00","open":75779.03125,"high":75875.828125,"low":75632.6796875,"close":75854.5703125,"volume":0.0},{"timestamp":"2026-04-18T22:00:00+00:00","open":75856.1875,"high":75904.8984375,"low":75643.3828125,"close":75847.9765625,"volume":0.0},{"timestamp":"2026-04-18T23:00:00+00:00","open":75862.2890625,"high":75901.703125,"low":75730.59375,"close":75736.8203125,"volume":0.0},{"timestamp":"2026-04-19T00:00:00+00:00","open":75736.0,"high":75884.0078125,"low":75590.1796875,"close":75708.0,"volume":0.0},{"timestamp":"2026-04-19T01:00:00+00:00","open":75723.5,"high":75827.2890625,"low":75484.078125,"close":75652.1015625,"volume":129032192.0},{"timestamp":"2026-04-19T02:00:00+00:00","open":75639.3828125,"high":75730.09375,"low":75446.4375,"close":75530.3203125,"volume":53024768.0},{"timestamp":"2026-04-19T03:00:00+00:00","open":75523.8671875,"high":75668.0,"low":75391.4296875,"close":75546.4921875,"volume":71456768.0},{"timestamp":"2026-04-19T04:00:00+00:00","open":75551.9921875,"high":75806.7421875,"low":75462.4609375,"close":75700.0078125,"volume":0.0},{"timestamp":"2026-04-19T05:00:00+00:00","open":75700.0078125,"high":75726.0625,"low":75549.6875,"close":75580.0078125,"volume":0.0},{"timestamp":"2026-04-19T06:00:00+00:00","open":75572.3125,"high":75584.7890625,"low":75336.96875,"close":75429.7421875,"volume":337053696.0},{"timestamp":"2026-04-19T07:00:00+00:00","open":75426.953125,"high":75434.921875,"low":74942.0,"close":75291.1171875,"volume":855674880.0},{"timestamp":"2026-04-19T08:00:00+00:00","open":75281.328125,"high":75336.5234375,"low":75107.203125,"close":75299.078125,"volume":0.0},{"timestamp":"2026-04-19T09:00:00+00:00","open":75293.171875,"high":75308.890625,"low":74961.828125,"close":75055.421875,"volume":0.0},{"timestamp":"2026-04-19T10:00:00+00:00","open":75026.0,"high":75272.609375,"low":74971.5390625,"close":75246.078125,"volume":0.0},{"timestamp":"2026-04-19T11:00:00+00:00","open":75249.0,"high":75653.0703125,"low":75242.0234375,"close":75634.8671875,"volume":0.0},{"timestamp":"2026-04-19T12:00:00+00:00","open":75646.59375,"high":75730.4921875,"low":75488.328125,"close":75611.90625,"volume":0.0},{"timestamp":"2026-04-19T13:00:00+00:00","open":75588.3515625,"high":76260.296875,"low":75588.3515625,"close":75958.0,"volume":536588288.0},{"timestamp":"2026-04-19T14:00:00+00:00","open":75950.2265625,"high":76167.0,"low":75714.7109375,"close":76064.9609375,"volume":266915840.0},{"timestamp":"2026-04-19T15:00:00+00:00","open":76071.6328125,"high":76189.0,"low":75458.109375,"close":75884.7734375,"volume":1075015680.0},{"timestamp":"2026-04-19T16:00:00+00:00","open":75885.6171875,"high":75895.296875,"low":75360.1015625,"close":75416.0234375,"volume":0.0},{"timestamp":"2026-04-19T17:00:00+00:00","open":75381.75,"high":75414.03125,"low":74693.8828125,"close":74801.0078125,"volume":425570304.0},{"timestamp":"2026-04-19T18:00:00+00:00","open":74821.5390625,"high":74915.046875,"low":74645.8125,"close":74806.7109375,"volume":642525184.0},{"timestamp":"2026-04-19T19:00:00+00:00","open":74846.28125,"high":75100.7265625,"low":74846.28125,"close":74985.0390625,"volume":272711680.0},{"timestamp":"2026-04-19T20:00:00+00:00","open":74985.046875,"high":74985.046875,"low":74476.359375,"close":74661.453125,"volume":0.0},{"timestamp":"2026-04-19T21:00:00+00:00","open":74662.546875,"high":74842.15625,"low":74408.65625,"close":74461.203125,"volume":505593856.0},{"timestamp":"2026-04-19T22:00:00+00:00","open":74427.9765625,"high":74440.8984375,"low":73799.046875,"close":74073.59375,"volume":2095738880.0},{"timestamp":"2026-04-19T23:00:00+00:00","open":74060.8828125,"high":74080.046875,"low":73820.1875,"close":73820.1875,"volume":628639744.0},{"timestamp":"2026-04-20T00:00:00+00:00","open":73814.6875,"high":74387.828125,"low":73768.0,"close":74317.921875,"volume":972533760.0},{"timestamp":"2026-04-20T01:00:00+00:00","open":74296.8125,"high":74770.8828125,"low":74239.8125,"close":74621.421875,"volume":524847104.0},{"timestamp":"2026-04-20T02:00:00+00:00","open":74648.0625,"high":74648.5390625,"low":74338.453125,"close":74444.046875,"volume":387602432.0},{"timestamp":"2026-04-20T03:00:00+00:00","open":74440.296875,"high":74674.0078125,"low":74390.1328125,"close":74667.90625,"volume":237033472.0},{"timestamp":"2026-04-20T04:00:00+00:00","open":74667.90625,"high":74669.1875,"low":74469.0390625,"close":74590.390625,"volume":0.0},{"timestamp":"2026-04-20T05:00:00+00:00","open":74584.359375,"high":74590.3984375,"low":74136.9375,"close":74297.921875,"volume":346931200.0},{"timestamp":"2026-04-20T06:00:00+00:00","open":74317.9375,"high":74916.9921875,"low":74283.5390625,"close":74820.1796875,"volume":234817536.0},{"timestamp":"2026-04-20T07:00:00+00:00","open":74842.03125,"high":75588.8828125,"low":74693.4375,"close":74857.640625,"volume":489672704.0},{"timestamp":"2026-04-20T08:00:00+00:00","open":74861.0,"high":75026.953125,"low":74649.6796875,"close":74761.7578125,"volume":597123072.0},{"timestamp":"2026-04-20T09:00:00+00:00","open":74737.9765625,"high":75269.640625,"low":74726.109375,"close":75100.453125,"volume":463020032.0},{"timestamp":"2026-04-20T10:00:00+00:00","open":75130.3828125,"high":75439.8515625,"low":75042.1796875,"close":75068.6796875,"volume":41537536.0},{"timestamp":"2026-04-20T11:00:00+00:00","open":75068.7265625,"high":75319.1796875,"low":74997.6484375,"close":75223.96875,"volume":0.0},{"timestamp":"2026-04-20T12:00:00+00:00","open":75218.03125,"high":75672.8125,"low":75108.0,"close":75328.90625,"volume":466120704.0},{"timestamp":"2026-04-20T13:00:00+00:00","open":75331.546875,"high":75470.8203125,"low":74912.3671875,"close":75309.2890625,"volume":71524352.0},{"timestamp":"2026-04-20T14:00:00+00:00","open":75299.2734375,"high":75762.15625,"low":74958.859375,"close":75038.6875,"volume":1182838784.0},{"timestamp":"2026-04-20T15:00:00+00:00","open":75095.1171875,"high":75763.09375,"low":74733.75,"close":75747.078125,"volume":651075584.0},{"timestamp":"2026-04-20T16:00:00+00:00","open":75743.78125,"high":75743.78125,"low":75328.0,"close":75367.1328125,"volume":407003136.0},{"timestamp":"2026-04-20T17:00:00+00:00","open":75383.46875,"high":75998.1484375,"low":75327.0078125,"close":75937.3125,"volume":0.0},{"timestamp":"2026-04-20T18:00:00+00:00","open":75973.0390625,"high":76484.3515625,"low":75944.15625,"close":76450.0,"volume":623157248.0},{"timestamp":"2026-04-20T19:00:00+00:00","open":76483.3828125,"high":76523.3203125,"low":76187.53125,"close":76322.0078125,"volume":1873649664.0},{"timestamp":"2026-04-20T20:00:00+00:00","open":76304.0,"high":76591.65625,"low":76166.0078125,"close":76317.28125,"volume":1115488256.0},{"timestamp":"2026-04-20T21:00:00+00:00","open":76330.0,"high":76405.7265625,"low":75815.9921875,"close":75988.0,"volume":287932416.0},{"timestamp":"2026-04-20T22:00:00+00:00","open":76001.9765625,"high":76179.4375,"low":75933.0234375,"close":76004.671875,"volume":0.0},{"timestamp":"2026-04-20T23:00:00+00:00","open":75900.0,"high":75943.0234375,"low":75653.7109375,"close":75864.859375,"volume":0.0},{"timestamp":"2026-04-21T00:00:00+00:00","open":75869.5,"high":76128.6796875,"low":75724.84375,"close":76127.09375,"volume":0.0},{"timestamp":"2026-04-21T01:00:00+00:00","open":76095.8203125,"high":76278.0078125,"low":75902.890625,"close":75955.0703125,"volume":0.0},{"timestamp":"2026-04-21T02:00:00+00:00","open":75943.71875,"high":75965.09375,"low":75612.0,"close":75613.75,"volume":0.0},{"timestamp":"2026-04-21T03:00:00+00:00","open":75608.7421875,"high":75747.390625,"low":75520.0,"close":75740.578125,"volume":0.0},{"timestamp":"2026-04-21T04:00:00+00:00","open":75754.4765625,"high":75850.71875,"low":75633.28125,"close":75840.546875,"volume":0.0},{"timestamp":"2026-04-21T05:00:00+00:00","open":75840.0,"high":76010.640625,"low":75817.5703125,"close":75835.7734375,"volume":0.0},{"timestamp":"2026-04-21T06:00:00+00:00","open":75835.7734375,"high":76152.671875,"low":75731.171875,"close":76001.828125,"volume":0.0},{"timestamp":"2026-04-21T07:00:00+00:00","open":76001.828125,"high":76321.0,"low":75873.203125,"close":76118.09375,"volume":52444172288.0},{"timestamp":"2026-04-21T08:00:00+00:00","open":76124.1328125,"high":76867.6875,"low":76094.0,"close":76545.6484375,"volume":467214336.0},{"timestamp":"2026-04-21T09:00:00+00:00","open":76545.6015625,"high":76578.03125,"low":76187.1484375,"close":76388.0234375,"volume":0.0},{"timestamp":"2026-04-21T10:00:00+00:00","open":76391.359375,"high":76902.2109375,"low":76388.0078125,"close":76775.1328125,"volume":326430720.0},{"timestamp":"2026-04-21T11:00:00+00:00","open":76789.34375,"high":76789.34375,"low":76370.578125,"close":76478.6171875,"volume":612114432.0},{"timestamp":"2026-04-21T12:00:00+00:00","open":76485.3125,"high":76549.9921875,"low":75770.0,"close":76039.8984375,"volume":274640896.0},{"timestamp":"2026-04-21T13:00:00+00:00","open":76049.828125,"high":76194.6171875,"low":75761.78125,"close":75919.1328125,"volume":29853859840.0},{"timestamp":"2026-04-21T14:00:00+00:00","open":75942.8984375,"high":76588.8671875,"low":75650.8828125,"close":75681.7109375,"volume":0.0},{"timestamp":"2026-04-21T15:00:00+00:00","open":75743.328125,"high":75987.8515625,"low":75533.546875,"close":75850.8203125,"volume":0.0},{"timestamp":"2026-04-21T16:00:00+00:00","open":75888.15625,"high":76198.0,"low":75773.609375,"close":75800.3515625,"volume":0.0},{"timestamp":"2026-04-21T17:00:00+00:00","open":75775.8671875,"high":75909.1484375,"low":75098.9921875,"close":75567.2578125,"volume":0.0},{"timestamp":"2026-04-21T18:00:00+00:00","open":75544.078125,"high":75665.8984375,"low":75319.890625,"close":75622.7890625,"volume":0.0},{"timestamp":"2026-04-21T19:00:00+00:00","open":75628.078125,"high":75909.5,"low":74825.9921875,"close":75019.9921875,"volume":0.0},{"timestamp":"2026-04-21T20:00:00+00:00","open":75009.0625,"high":75865.9921875,"low":74989.5390625,"close":75743.71875,"volume":0.0},{"timestamp":"2026-04-21T21:00:00+00:00","open":75740.6796875,"high":75796.6796875,"low":75469.859375,"close":75565.0078125,"volume":0.0},{"timestamp":"2026-04-21T22:00:00+00:00","open":75566.1484375,"high":75662.140625,"low":75325.1484375,"close":75662.0078125,"volume":115748864.0},{"timestamp":"2026-04-21T23:00:00+00:00","open":75648.0,"high":76444.9765625,"low":75648.0,"close":76346.8125,"volume":343629824.0},{"timestamp":"2026-04-22T00:00:00+00:00","open":76362.9296875,"high":76519.9921875,"low":76234.046875,"close":76380.46875,"volume":11161600.0},{"timestamp":"2026-04-22T01:00:00+00:00","open":76359.6484375,"high":76432.9375,"low":76156.7421875,"close":76315.6484375,"volume":16044032.0},{"timestamp":"2026-04-22T02:00:00+00:00","open":76330.0,"high":77668.0,"low":76242.8828125,"close":77626.0078125,"volume":1683529728.0},{"timestamp":"2026-04-22T03:00:00+00:00","open":77627.359375,"high":77746.8828125,"low":77430.0,"close":77549.65625,"volume":1451786240.0},{"timestamp":"2026-04-22T04:00:00+00:00","open":77541.546875,"high":77711.1875,"low":77386.0,"close":77535.953125,"volume":753033216.0},{"timestamp":"2026-04-22T05:00:00+00:00","open":77552.03125,"high":78429.28125,"low":77464.0,"close":77991.9921875,"volume":2779820032.0},{"timestamp":"2026-04-22T06:00:00+00:00","open":78000.75,"high":78050.7421875,"low":77908.0,"close":78024.8828125,"volume":737804288.0},{"timestamp":"2026-04-22T07:00:00+00:00","open":78027.609375,"high":78124.6015625,"low":77834.953125,"close":78025.796875,"volume":0.0},{"timestamp":"2026-04-22T08:00:00+00:00","open":78055.2109375,"high":78218.0,"low":77960.3515625,"close":78029.703125,"volume":230256640.0},{"timestamp":"2026-04-22T09:00:00+00:00","open":78008.7578125,"high":78194.03125,"low":77971.3125,"close":78015.5625,"volume":18178048.0},{"timestamp":"2026-04-22T10:00:00+00:00","open":78033.3515625,"high":78192.5078125,"low":77964.1171875,"close":78175.703125,"volume":60895232.0},{"timestamp":"2026-04-22T11:00:00+00:00","open":78197.59375,"high":78394.703125,"low":78120.9609375,"close":78322.546875,"volume":0.0},{"timestamp":"2026-04-22T12:00:00+00:00","open":78329.0,"high":78514.7890625,"low":78141.8984375,"close":78262.8984375,"volume":142364672.0},{"timestamp":"2026-04-22T13:00:00+00:00","open":78252.3515625,"high":78887.4296875,"low":78204.1015625,"close":78887.4296875,"volume":1212329984.0},{"timestamp":"2026-04-22T14:00:00+00:00","open":78897.4609375,"high":79178.8515625,"low":78612.3125,"close":79080.8984375,"volume":1833050112.0},{"timestamp":"2026-04-22T15:00:00+00:00","open":79088.203125,"high":79450.0,"low":78867.390625,"close":79323.609375,"volume":864710656.0},{"timestamp":"2026-04-22T16:00:00+00:00","open":79368.0078125,"high":79502.78125,"low":78674.0,"close":78779.2890625,"volume":912244736.0},{"timestamp":"2026-04-22T17:00:00+00:00","open":78782.46875,"high":79073.4765625,"low":78729.9296875,"close":78922.9921875,"volume":0.0},{"timestamp":"2026-04-22T18:00:00+00:00","open":78961.2734375,"high":79193.6171875,"low":78854.6015625,"close":79062.453125,"volume":0.0},{"timestamp":"2026-04-22T19:00:00+00:00","open":79013.9375,"high":79106.3984375,"low":78734.1484375,"close":78885.7421875,"volume":0.0},{"timestamp":"2026-04-22T20:00:00+00:00","open":78915.8828125,"high":78952.0,"low":78445.796875,"close":78459.828125,"volume":0.0},{"timestamp":"2026-04-22T21:00:00+00:00","open":78447.0234375,"high":78858.2421875,"low":78447.0234375,"close":78794.7578125,"volume":539648000.0},{"timestamp":"2026-04-22T22:00:00+00:00","open":78785.2421875,"high":78865.078125,"low":78487.28125,"close":78642.8984375,"volume":55644160.0},{"timestamp":"2026-04-22T23:00:00+00:00","open":78623.9765625,"high":78635.6015625,"low":78195.796875,"close":78208.5078125,"volume":77496320.0},{"timestamp":"2026-04-23T00:00:00+00:00","open":78241.203125,"high":78608.9296875,"low":77630.328125,"close":78449.546875,"volume":433913856.0},{"timestamp":"2026-04-23T01:00:00+00:00","open":78442.1484375,"high":78482.296875,"low":78093.3125,"close":78379.2109375,"volume":1216458752.0},{"timestamp":"2026-04-23T02:00:00+00:00","open":78387.390625,"high":78387.390625,"low":77789.59375,"close":77967.453125,"volume":0.0},{"timestamp":"2026-04-23T03:00:00+00:00","open":77969.609375,"high":78050.4375,"low":77501.59375,"close":77742.5703125,"volume":122421248.0},{"timestamp":"2026-04-23T04:00:00+00:00","open":77766.8984375,"high":77968.640625,"low":77699.2734375,"close":77937.7265625,"volume":0.0},{"timestamp":"2026-04-23T05:00:00+00:00","open":77948.09375,"high":78116.3984375,"low":77800.03125,"close":78032.90625,"volume":0.0},{"timestamp":"2026-04-23T06:00:00+00:00","open":78066.203125,"high":78370.4921875,"low":78066.203125,"close":78240.0,"volume":0.0},{"timestamp":"2026-04-23T07:00:00+00:00","open":78259.9921875,"high":78281.7734375,"low":78008.0703125,"close":78086.140625,"volume":0.0},{"timestamp":"2026-04-23T08:00:00+00:00","open":78070.8828125,"high":78204.296875,"low":77744.9921875,"close":77877.34375,"volume":0.0},{"timestamp":"2026-04-23T09:00:00+00:00","open":77877.34375,"high":77885.96875,"low":77467.7578125,"close":77672.03125,"volume":660836352.0},{"timestamp":"2026-04-23T10:00:00+00:00","open":77653.6796875,"high":77737.90625,"low":77216.890625,"close":77425.90625,"volume":1202446336.0},{"timestamp":"2026-04-23T11:00:00+00:00","open":77459.4609375,"high":77771.34375,"low":77407.6328125,"close":77722.296875,"volume":0.0},{"timestamp":"2026-04-23T12:00:00+00:00","open":77722.296875,"high":77904.09375,"low":77588.0390625,"close":77904.09375,"volume":0.0},{"timestamp":"2026-04-23T13:00:00+00:00","open":77894.0078125,"high":77946.390625,"low":77421.15625,"close":77559.6796875,"volume":0.0},{"timestamp":"2026-04-23T14:00:00+00:00","open":77534.1015625,"high":78240.9375,"low":77437.4375,"close":78216.578125,"volume":0.0},{"timestamp":"2026-04-23T15:00:00+00:00","open":78210.59375,"high":78716.328125,"low":78012.0390625,"close":78413.1796875,"volume":0.0},{"timestamp":"2026-04-23T16:00:00+00:00","open":78420.71875,"high":78540.8203125,"low":78066.3671875,"close":78143.3984375,"volume":0.0},{"timestamp":"2026-04-23T17:00:00+00:00","open":78148.6328125,"high":78218.5234375,"low":76982.9765625,"close":77796.421875,"volume":1448624128.0},{"timestamp":"2026-04-23T18:00:00+00:00","open":77791.3984375,"high":78169.59375,"low":77697.7890625,"close":77739.09375,"volume":406519808.0},{"timestamp":"2026-04-23T19:00:00+00:00","open":77698.296875,"high":77919.5234375,"low":77629.15625,"close":77745.296875,"volume":236609536.0},{"timestamp":"2026-04-23T20:00:00+00:00","open":77740.9296875,"high":78067.15625,"low":77669.8984375,"close":77906.1015625,"volume":0.0},{"timestamp":"2026-04-23T21:00:00+00:00","open":77906.6015625,"high":78091.9609375,"low":77811.6875,"close":77901.0390625,"volume":0.0},{"timestamp":"2026-04-23T22:00:00+00:00","open":77909.203125,"high":78357.15625,"low":77909.203125,"close":78257.140625,"volume":0.0},{"timestamp":"2026-04-23T23:00:00+00:00","open":78216.09375,"high":78327.6015625,"low":78051.8125,"close":78281.1484375,"volume":0.0},{"timestamp":"2026-04-24T00:00:00+00:00","open":78312.109375,"high":78516.328125,"low":78192.2734375,"close":78446.0234375,"volume":0.0},{"timestamp":"2026-04-24T01:00:00+00:00","open":78447.171875,"high":78483.0703125,"low":77992.28125,"close":78464.1015625,"volume":0.0},{"timestamp":"2026-04-24T02:00:00+00:00","open":78451.703125,"high":78601.7109375,"low":78100.359375,"close":78154.1015625,"volume":0.0},{"timestamp":"2026-04-24T03:00:00+00:00","open":78166.4921875,"high":78198.96875,"low":77590.5234375,"close":77755.390625,"volume":39755776.0},{"timestamp":"2026-04-24T04:00:00+00:00","open":77744.90625,"high":77871.9375,"low":77532.90625,"close":77682.90625,"volume":117673984.0},{"timestamp":"2026-04-24T05:00:00+00:00","open":77673.6015625,"high":78037.2421875,"low":77468.0,"close":77971.828125,"volume":0.0},{"timestamp":"2026-04-24T06:00:00+00:00","open":77989.7890625,"high":77999.09375,"low":77790.2734375,"close":77813.1171875,"volume":0.0},{"timestamp":"2026-04-24T07:00:00+00:00","open":77804.6796875,"high":77880.28125,"low":77587.84375,"close":77676.9609375,"volume":466751488.0},{"timestamp":"2026-04-24T08:00:00+00:00","open":77676.9609375,"high":78029.9765625,"low":77593.203125,"close":77808.7265625,"volume":0.0},{"timestamp":"2026-04-24T09:00:00+00:00","open":77811.4296875,"high":77826.078125,"low":77436.0,"close":77551.890625,"volume":0.0},{"timestamp":"2026-04-24T10:00:00+00:00","open":77528.6171875,"high":77800.71875,"low":77457.2109375,"close":77765.3515625,"volume":0.0},{"timestamp":"2026-04-24T11:00:00+00:00","open":77769.2265625,"high":78397.3203125,"low":77762.453125,"close":78256.1328125,"volume":1135370240.0},{"timestamp":"2026-04-24T12:00:00+00:00","open":78267.28125,"high":78366.46875,"low":78058.75,"close":78298.78125,"volume":0.0},{"timestamp":"2026-04-24T13:00:00+00:00","open":78292.6796875,"high":78466.890625,"low":77932.796875,"close":78107.84375,"volume":300425216.0},{"timestamp":"2026-04-24T14:00:00+00:00","open":78073.8125,"high":78095.1171875,"low":77709.546875,"close":78074.15625,"volume":260997120.0},{"timestamp":"2026-04-24T15:00:00+00:00","open":78060.7421875,"high":78217.75,"low":77602.75,"close":78070.7578125,"volume":0.0},{"timestamp":"2026-04-24T16:00:00+00:00","open":78069.359375,"high":78084.5390625,"low":77613.3125,"close":77804.0390625,"volume":31268864.0},{"timestamp":"2026-04-24T17:00:00+00:00","open":77764.6328125,"high":77839.6015625,"low":77502.59375,"close":77705.53125,"volume":0.0},{"timestamp":"2026-04-24T18:00:00+00:00","open":77695.5,"high":77741.890625,"low":77385.046875,"close":77637.609375,"volume":0.0},{"timestamp":"2026-04-24T19:00:00+00:00","open":77655.0,"high":77769.1484375,"low":77555.6015625,"close":77661.8203125,"volume":0.0},{"timestamp":"2026-04-24T20:00:00+00:00","open":77648.390625,"high":77784.3125,"low":77478.3203125,"close":77748.6875,"volume":0.0},{"timestamp":"2026-04-24T21:00:00+00:00","open":77736.0,"high":77785.0,"low":77565.4375,"close":77565.4375,"volume":263231488.0},{"timestamp":"2026-04-24T22:00:00+00:00","open":77572.0390625,"high":77650.71875,"low":77309.6015625,"close":77360.78125,"volume":392822784.0},{"timestamp":"2026-04-24T23:00:00+00:00","open":77375.6171875,"high":77484.96875,"low":77358.8203125,"close":77461.7890625,"volume":217126912.0},{"timestamp":"2026-04-25T00:00:00+00:00","open":77466.03125,"high":77518.6015625,"low":77340.046875,"close":77483.4296875,"volume":0.0},{"timestamp":"2026-04-25T01:00:00+00:00","open":77498.0234375,"high":77645.4609375,"low":77461.0078125,"close":77559.96875,"volume":0.0},{"timestamp":"2026-04-25T02:00:00+00:00","open":77571.2265625,"high":77669.53125,"low":77522.8125,"close":77634.9609375,"volume":0.0},{"timestamp":"2026-04-25T03:00:00+00:00","open":77650.7109375,"high":77736.1171875,"low":77574.671875,"close":77699.90625,"volume":0.0},{"timestamp":"2026-04-25T04:00:00+00:00","open":77699.90625,"high":77726.15625,"low":77621.8984375,"close":77641.15625,"volume":0.0},{"timestamp":"2026-04-25T05:00:00+00:00","open":77634.3203125,"high":77634.3203125,"low":77509.6796875,"close":77542.1875,"volume":0.0},{"timestamp":"2026-04-25T06:00:00+00:00","open":77545.75,"high":77609.2734375,"low":77506.7109375,"close":77526.421875,"volume":0.0},{"timestamp":"2026-04-25T07:00:00+00:00","open":77510.0078125,"high":77598.0390625,"low":77470.0,"close":77521.96875,"volume":0.0},{"timestamp":"2026-04-25T08:00:00+00:00","open":77513.71875,"high":77686.796875,"low":77510.9375,"close":77672.640625,"volume":0.0},{"timestamp":"2026-04-25T09:00:00+00:00","open":77693.3515625,"high":77806.0703125,"low":77612.0,"close":77738.1875,"volume":0.0},{"timestamp":"2026-04-25T10:00:00+00:00","open":77749.9375,"high":77910.359375,"low":77749.9375,"close":77809.4765625,"volume":0.0},{"timestamp":"2026-04-25T11:00:00+00:00","open":77809.46875,"high":77809.46875,"low":77636.171875,"close":77706.171875,"volume":0.0},{"timestamp":"2026-04-25T12:00:00+00:00","open":77697.40625,"high":77736.9375,"low":77565.453125,"close":77575.2890625,"volume":0.0},{"timestamp":"2026-04-25T13:00:00+00:00","open":77579.9921875,"high":77731.6875,"low":77579.9921875,"close":77701.359375,"volume":0.0},{"timestamp":"2026-04-25T14:00:00+00:00","open":77701.3515625,"high":77772.078125,"low":77652.09375,"close":77679.9609375,"volume":0.0},{"timestamp":"2026-04-25T15:00:00+00:00","open":77679.9609375,"high":77744.0234375,"low":77345.6796875,"close":77354.0625,"volume":0.0},{"timestamp":"2026-04-25T16:00:00+00:00","open":77326.0,"high":77483.4375,"low":77201.3515625,"close":77427.6875,"volume":0.0},{"timestamp":"2026-04-25T17:00:00+00:00","open":77427.671875,"high":77433.7421875,"low":77236.1328125,"close":77274.5234375,"volume":0.0},{"timestamp":"2026-04-25T18:00:00+00:00","open":77255.8203125,"high":77414.5625,"low":77242.171875,"close":77311.0078125,"volume":0.0},{"timestamp":"2026-04-25T19:00:00+00:00","open":77309.6015625,"high":77372.359375,"low":77210.0,"close":77339.78125,"volume":31266816.0},{"timestamp":"2026-04-25T20:00:00+00:00","open":77368.6328125,"high":77506.6015625,"low":77324.5703125,"close":77497.0703125,"volume":0.0},{"timestamp":"2026-04-25T21:00:00+00:00","open":77498.2109375,"high":77551.4765625,"low":77434.25,"close":77548.9296875,"volume":0.0},{"timestamp":"2026-04-25T22:00:00+00:00","open":77551.609375,"high":77662.25,"low":77519.5234375,"close":77577.9609375,"volume":0.0},{"timestamp":"2026-04-25T23:00:00+00:00","open":77577.96875,"high":77666.4765625,"low":77545.7734375,"close":77650.71875,"volume":386048.0},{"timestamp":"2026-04-26T00:00:00+00:00","open":77651.1171875,"high":77663.84375,"low":77468.3984375,"close":77520.34375,"volume":0.0},{"timestamp":"2026-04-26T01:00:00+00:00","open":77550.171875,"high":77591.6796875,"low":77470.3203125,"close":77479.2734375,"volume":0.0},{"timestamp":"2026-04-26T02:00:00+00:00","open":77471.84375,"high":77620.546875,"low":77471.84375,"close":77545.7109375,"volume":0.0},{"timestamp":"2026-04-26T03:00:00+00:00","open":77536.6328125,"high":77564.5234375,"low":77346.4375,"close":77408.0,"volume":0.0},{"timestamp":"2026-04-26T04:00:00+00:00","open":77400.0234375,"high":77838.0,"low":77394.8828125,"close":77790.6171875,"volume":0.0},{"timestamp":"2026-04-26T05:00:00+00:00","open":77790.046875,"high":78212.6015625,"low":77736.0,"close":78004.96875,"volume":940247040.0},{"timestamp":"2026-04-26T06:00:00+00:00","open":78025.0078125,"high":78073.90625,"low":77921.8828125,"close":78019.1875,"volume":0.0},{"timestamp":"2026-04-26T07:00:00+00:00","open":78024.640625,"high":78148.8203125,"low":77985.6171875,"close":78126.3125,"volume":107668480.0},{"timestamp":"2026-04-26T08:00:00+00:00","open":78133.0234375,"high":78232.84375,"low":78047.0,"close":78050.0078125,"volume":237775872.0},{"timestamp":"2026-04-26T09:00:00+00:00","open":78039.9375,"high":78081.28125,"low":77940.6875,"close":78026.921875,"volume":110282752.0},{"timestamp":"2026-04-26T10:00:00+00:00","open":78024.6328125,"high":78070.7421875,"low":77975.4375,"close":78024.640625,"volume":0.0}